2992 4846
678 304 719 371 45

119 482 361 569 doppelscitr'qec
386 482 595 562 Gleicbnc'aae,
625 488 683 551 wie
711 488 757 551 aie
780 486 875 552 kunuz
899 491 1016 555 andere
1044 492 1281 561 uaeuzowetsen

115 596 186 660 sein
208 593 352 676 ddrftec,
373 593 523 676 parnicht
542 594 713 677 eweifeln“.·

199 718 268 783 Non
300 719 379 782 male
406 737 481 783 sane
511 721 559 784 vir
588 719 707 784 doctus.
755 721 903 786 Attamen
933 740 990 803 ego
1021 723 1103 789 baud
1131 725 1281 808 dubitem,
1382 800 1383 804 Ἰ

117 827 215 908 quin
253 826 386 888 omnia
419 825 650 890 huiusmodi
680 826 831 891 similia
863 837 1056 910 suspecta
1092 832 1278 898 habenda

117 935 214 998 sint.
253 932 286 996 ln
310 950 441 1013 quorum
463 951 589 998 numero
612 934 695 1016 quod
716 933 754 997 H.
771 934 968 1001 Duentzerus
989 938 1063 1002 illud
1087 939 1276 1006 11487-91

116 1041 232 1105 habere
253 1039 402 1118 noluerit,
429 1039 496 1105 fieri
518 1059 579 1105 non
602 1047 725 1123 potest,
752 1043 827 1125 quin
849 1043 993 1109 demirer.
1035 1046 1115 1110 Nam
1138 1048 1279 1129 profecto

117 1151 181 1213 duo
205 1148 263 1211 viri
287 1147 503 1228 diversissimi,
531 1149 612 1213 alter
633 1150 748 1230 victor,
776 1150 856 1214 alter
876 1152 978 1216 victus
1007 1154 1141 1218 animum
1171 1154 1279 1220 efflans

117 1277 186 1323 cum
217 1255 339 1319 duabus
366 1253 584 1320 diversissimis
610 1257 718 1321 bestiis
747 1265 977 1339 comparantur.
1025 1261 1178 1345 Priorque
1207 1281 1280 1343 pars

115 1367 158 1430 ad
173 1362 423 1449 praecedentes,
445 1366 599 1442 posterior
620 1366 659 1427 ad
682 1373 848 1445 sequentes
872 1385 979 1430 versus
1001 1374 1133 1448 spectat.

198 1491 320 1570 Quibus
339 1489 584 1555 dubitationibus
607 1490 666 1553 iarn
690 1508 726 1552 eo
748 1490 960 1571 propellimur,
986 1493 1115 1557 velimus
1138 1493 1279 1574 nolimus,

114 1604 151 1664 ut
184 1600 224 1662 ad
256 1599 323 1678 ipsa
358 1597 470 1660 similia
501 1595 668 1660 tractanda
700 1596 938 1677 proficiscamur.
991 1598 1126 1663 Primum
1159 1618 1279 1678 eorum,

115 1712 160 1769 M
182 1706 359 1785 145-151,
389 1705 419 1767 in
443 1703 681 1768 Teichomacbia
712 1705 868 1768 invenitur
898 1724 1028 1790 eamque
1058 1725 1077 1770 a
1105 1709 1280 1771 recentiore
1345 1737 1347 1740 ·

114 1821 210 1896 poeta
232 1823 332 1877 ortam
352 1830 421 1876 esse
441 1811 498 1876 Tb.
515 1810 668 1890 Bergkius
679 1811 701 1891 ¹)
724 1819 808 1875 recte
825 1813 1023 1877 existimavit.
1063 1814 1279 1878 Lachmannus

114 1939 242 2004 quoque
265 1922 424 2000 suspectos
446 1918 555 1983 babuit
577 1938 624 1983 vv.
649 1918 854 2001 tlt-151²).
894 1920 1035 2002 Denique
1057 1921 1087 1985 in
1111 1923 1179 2003 ipso
1199 1924 1277 1987 anti·

114 2030 236 2111 quitate
277 2046 324 2091 vu.
358 2031 532 2090 131-140
570 2026 619 2090 vel
652 2029 705 2090 141
750 2027 945 2092 damnavisse
986 2028 1147 2094 nonnullos
1184 2028 1281 2092 resert

114 2134 307 2216 Porphyrius
319 2133 352 2215 8).

200 2241 344 2322 Sequitur
367 2241 468 2304 altera
490 2238 674 2320 similitudo,
703 2256 782 2319 quae
812 2240 843 2304 in
867 2247 901 2304 N
919 2245 1061 2306 rel-95
1082 2243 1213 2324 legitur3
1246 2251 1280 2308 at

115 2349 197 2417 satis
220 2348 294 2413 mibi
312 2348 520 2431 videturesse
539 2346 715 2411 adscribere
734 2365 815 2427 quae
831 2345 985 2412 Chr-istius
1008 2349 1047 2412 ad
1062 2370 1111 2413 vv.
1127 2356 1279 2432 tul-795,

113 2458 168 2539 qui
198 2455 350 2536 imprimis
378 2454 408 2517 b.
440 2455 459 2518 l.
488 2454 670 2534 respiciendi
699 2460 790 2532 sunt,
823 2456 989 2520 adnotavit
1018 2457 1050 2534 (l.
1082 2458 1101 2520 l.
1128 2477 1158 2538 p.
1188 2459 1278 2542 lull:

116 2565 262 2646 ,per—5
284 2564 448 2627 donmooc't
470 2562 581 2645 Papae
598 2560 738 2644 Kuipbt,
771 2564 822 2627 cni
841 2583 957 2628 morem
976 2566 1060 2648 pessi
1076 2573 1208 2646 propter
1230 2587 1279 2630 so-

116 2677 218 2738 loecus
236 2671 360 2754 fortuna
389 2668 681 2751 ἐπισπόμενον
708 2675 737 2734 et
766 2668 860 2733 e‘oc““.
904 2670 1010 2751 Neque
1040 2673 1119 2736 euim
1147 2672 1200 2736 ἑοῖ
1223 2692 1280 2754 pro

115 2770 152 2842 οἷ
171 2780 228 2843 nisi
250 2778 308 2842 boc
330 2779 396 2842 loco
419 2778 578 2842 invenitur
601 2778 840 2857 (praetereaque
862 2777 882 2839 d
905 2775 967 2859 38).

198 2904 297 2967 Porro
324 2922 361 2967 ne
394 2902 432 2967 de
462 2909 490 2967 0
518 2906 640 2966 tna—9
672 2901 787 2965 multus
814 2902 890 2979 sim,
923 2902 988 2982 ipse
1017 2902 1055 2966 H.
1087 2903 1280 2966 Duentzerus

117 3011 151 3094 (l.
173 3013 193 3076 l.
216 3030 245 3093 p.
269 3008 342 3092 493)
364 3029 425 3074 non
455 3017 551 3091 negat
582 3015 609 3073 0
632 3011 793 3072 buu-629
814 3027 832 3071 a
855 3008 1008 3089 rhapsodo
1038 3010 1141 3090 aliquo
1175 3011 1279 3091 inepte

116 3121 251 3183 insertos
275 3136 351 3182 esse.

201 3243 281 3320 Quid
315 3241 415 3306 dicam
444 3239 482 3303 de
512 3238 603 3302 simili
636 3246 670 3302 A
699 3243 817 3316 61-6,
851 3239 935 3322 quod
965 3239 1003 3302 ad
1036 3240 1278 3303 enuntiationem

116 3352 336 3431 antepositam,
362 3365 442 3430 quae
465 3365 519 3428 per
535 3347 670 3427 quinque
687 3364 795 3409 versus
816 3346 882 3409 sine
904 3345 999 3410 verbo
1022 3347 1108 3410 linito
1126 3347 1280 3412 claudicat

118 3472 339 3586 —l-l—Gmech.
360 3515 456 3568 bitter.
477 3514 497 3578 l,
516 3532 542 3582 p.
562 3514 652 3568 conss.

186 3621 212 3691 2)
233 3620 286 3674 Cfr.
307 3619 534 3687 Betrachtnngen
552 3637 578 3687 p.
598 3618 632 3670 46
652 3660 658 3671 .
679 3659 685 3673 .
705 3657 711 3669 .
730 3657 760 3671 ..
788 3617 870 3680 ‚ube-r
888 3632 915 3670 es
938 3616 976 3670 iat
999 3613 1162 3670 accuderbnr
1183 3631 1279 3684 penny,

116 3706 182 3762 dors
200 3723 262 3760 man
278 3707 338 3760 bier
355 3706 409 3759 alle
432 3704 476 3758 die
502 3704 582 3758 Verre
606 3705 673 3757 olene
693 3701 816 3758 Sebaden
838 3700 1016 3757 ausscbeiden
1038 3702 1125 3764 donn,
1148 3702 1177 3754 in
1195 3700 1280 3755 denen

115 3794 168 3848 das
189 3794 265 3848 Tbor
283 3793 406 3867 ercodlrnt
423 3791 495 3846 roird
514 3790 579 3845 oder
597 3790 642 3844 die
661 3789 884 3858 Lapitbensdbne
904 3789 1040 3842 Leonteus
1058 3785 1115 3841 und
1132 3787 1280 3856 Polypdtee

116 3880 331 3947 beruorpeboben
349 3877 469 3941 werden,
493 3879 544 3931 wie
560 3877 600 3932 aie
621 3882 675 3930 eret
693 3877 836 3931 innerbclb
861 3874 910 3928 der
928 3875 1029 3928 Macer
1052 3871 1097 3925 die
1113 3872 1221 3942 ibriqen
1238 3889 1278 3926 er·

114 3969 230 4022 malrum
247 3966 304 4021 und
316 3965 391 4021 uana
409 3965 466 4019 sicli
483 3981 536 4018 uon
551 3964 633 4018 Asina
651 3979 700 4017 cor
718 3962 777 4016 dem
792 3964 866 4017 Tbor
884 3960 972 4021 dudan
992 3960 1094 4021 luerem
1117 3958 1165 4012 118
1183 3959 1217 4033 τῇ
1229 3978 1277 4034 περ

113 4054 157 4108 bis
176 4055 225 4108 124
244 4056 304 4121 ἔχε,
324 4051 468 4106 127-136.
497 4050 641 4103 141-153.
671 4049 829 4103 lou-rure
1043 4054 1046 4060 '

184 4159 210 4226 3)
231 4160 285 4215 cfr.
304 4155 377 4215 Guil.
396 4152 544 4210 Christium
563 4172 589 4223 p.
607 4154 666 4208 435.
