<?xml version="1.0" encoding="UTF-8"?>
<!DOCTYPE html PUBLIC "-//W3C//DTD XHTML 1.0 Transitional//EN"
    "http://www.w3.org/TR/xhtml1/DTD/xhtml1-transitional.dtd">
<html xmlns="http://www.w3.org/1999/xhtml" xml:lang="en" lang="en">
 <head>
  <title>
</title>
<meta http-equiv="Content-Type" content="text/html;charset=utf-8" />
  <meta name='ocr-system' content='tesseract 3.04.00' />
  <meta name='ocr-capabilities' content='ocr_page ocr_carea ocr_par ocr_line ocrx_word'/>
</head>
<body>
  <div class='ocr_page' id='page_1' title='image "./deiraachillissi00weidgoog_0018.png"; bbox 0 0 2992 4846; ppageno 0'>
   <div class='ocr_carea' id='block_1_1' title="bbox 154 293 1353 997">
    <p class='ocr_par' dir='ltr' id='par_1_1' title="bbox 154 293 1353 997">
     <span class='ocr_line' id='line_1_1' title="bbox 691 293 760 374; baseline 0 0"><span class='ocrx_word' id='word_1_1' title='bbox 691 293 694 297; x_wconf 79' lang='grc'><em>’</em></span> <span class='ocrx_word' id='word_1_2' title='bbox 741 314 760 374; x_wconf 83' lang='lat' dir='ltr'>a</span> 
     </span>
     <span class='ocr_line' id='line_1_2' title="bbox 154 486 1320 571; baseline -0.009 -11"><span class='ocrx_word' id='word_1_3' title='bbox 154 491 348 560; x_wconf 78' lang='lat' dir='ltr'>ascribitur:</span> <span class='ocrx_word' id='word_1_4' title='bbox 373 489 441 571; x_wconf 89' lang='lat' dir='ltr'>,Die</span> <span class='ocrx_word' id='word_1_5' title='bbox 464 488 702 568; x_wconf 83' lang='lat' dir='ltr'>Entwiclrelung</span> <span class='ocrx_word' id='word_1_6' title='bbox 725 487 780 552; x_wconf 91' lang='lat' dir='ltr'>der</span> <span class='ocrx_word' id='word_1_7' title='bbox 804 488 921 552; x_wconf 83' lang='lat' dir='ltr'><strong>homer.</strong></span> <span class='ocrx_word' id='word_1_8' title='bbox 944 487 1061 552; x_wconf 89' lang='lat' dir='ltr'>Poesie‘</span> <span class='ocrx_word' id='word_1_9' title='bbox 1084 487 1201 566; x_wconf 83' lang='lat' dir='ltr'>(Berlin</span> <span class='ocrx_word' id='word_1_10' title='bbox 1227 486 1320 571; x_wconf 81' lang='lat'>1882)</span> 
     </span>
     <span class='ocr_line' id='line_1_3' title="bbox 162 594 1329 679; baseline -0.002 -16"><span class='ocrx_word' id='word_1_11' title='bbox 162 606 259 679; x_wconf 91' lang='lat' dir='ltr'>atque</span> <span class='ocrx_word' id='word_1_12' title='bbox 287 599 399 662; x_wconf 91' lang='lat' dir='ltr'>iterum</span> <span class='ocrx_word' id='word_1_13' title='bbox 429 598 601 676; x_wconf 86' lang='lat' dir='ltr'>iterumque</span> <span class='ocrx_word' id='word_1_14' title='bbox 621 595 749 676; x_wconf 83' lang='lat' dir='ltr'>perlegi.</span> <span class='ocrx_word' id='word_1_15' title='bbox 794 594 901 677; x_wconf 84' lang='lat' dir='ltr'>Neque</span> <span class='ocrx_word' id='word_1_16' title='bbox 924 594 991 658; x_wconf 90' lang='lat' dir='ltr'>fieri</span> <span class='ocrx_word' id='word_1_17' title='bbox 1013 599 1145 675; x_wconf 79' lang='lat' dir='ltr'>potest,</span> <span class='ocrx_word' id='word_1_18' title='bbox 1175 597 1250 676; x_wconf 94' lang='lat' dir='ltr'>quin</span> <span class='ocrx_word' id='word_1_19' title='bbox 1273 596 1329 669; x_wconf 88' lang='lat' dir='ltr'>boc</span> 
     </span>
     <span class='ocr_line' id='line_1_4' title="bbox 162 702 1353 785; baseline -0.003 -15"><span class='ocrx_word' id='word_1_20' title='bbox 162 708 230 770; x_wconf 92' lang='lat' dir='ltr'>loco</span> <span class='ocrx_word' id='word_1_21' title='bbox 251 712 344 785; x_wconf 90' lang='lat' dir='ltr'>grato</span> <span class='ocrx_word' id='word_1_22' title='bbox 365 705 467 768; x_wconf 90' lang='lat' dir='ltr'>animo</span> <span class='ocrx_word' id='word_1_23' title='bbox 487 703 636 770; x_wconf 87' lang='lat' dir='ltr'>confitear</span> <span class='ocrx_word' id='word_1_24' title='bbox 659 721 707 766; x_wconf 88' lang='lat' dir='ltr'>mo</span> <span class='ocrx_word' id='word_1_25' title='bbox 730 703 880 783; x_wconf 85' lang='lat' dir='ltr'><strong>imprimis</strong></span> <span class='ocrx_word' id='word_1_26' title='bbox 911 720 949 766; x_wconf 84' lang='lat' dir='ltr'>ex</span> <span class='ocrx_word' id='word_1_27' title='bbox 971 702 1024 766; x_wconf 93' lang='lat' dir='ltr'>illo</span> <span class='ocrx_word' id='word_1_28' title='bbox 1047 702 1113 782; x_wconf 92' lang='lat' dir='ltr'>ipso</span> <span class='ocrx_word' id='word_1_29' title='bbox 1136 703 1215 766; x_wconf 91' lang='lat' dir='ltr'>libro</span> <span class='ocrx_word' id='word_1_30' title='bbox 1237 704 1329 768; x_wconf 89' lang='lat' dir='ltr'>uber·</span> <span class='ocrx_word' id='word_1_31' title='bbox 1347 742 1353 749; x_wconf 84' lang='grc'><strong>-</strong></span> 
     </span>
     <span class='ocr_line' id='line_1_5' title="bbox 164 807 1329 891; baseline -0.003 -15"><span class='ocrx_word' id='word_1_32' title='bbox 164 814 275 876; x_wconf 84' lang='lat' dir='ltr'>nimum</span> <span class='ocrx_word' id='word_1_33' title='bbox 299 811 434 875; x_wconf 85' lang='lat' dir='ltr'>fructum</span> <span class='ocrx_word' id='word_1_34' title='bbox 452 811 579 891; x_wconf 76' lang='lat' dir='ltr'>cepisse.</span> <span class='ocrx_word' id='word_1_35' title='bbox 624 809 763 889; x_wconf 85' lang='lat' dir='ltr'>Cognovi</span> <span class='ocrx_word' id='word_1_36' title='bbox 781 809 872 889; x_wconf 93' lang='lat' dir='ltr'>enim,</span> <span class='ocrx_word' id='word_1_37' title='bbox 895 826 956 889; x_wconf 93' lang='lat' dir='ltr'>qua</span> <span class='ocrx_word' id='word_1_38' title='bbox 971 810 1091 873; x_wconf 92' lang='lat' dir='ltr'>ratione</span> <span class='ocrx_word' id='word_1_39' title='bbox 1101 807 1168 873; x_wconf 93' lang='lat' dir='ltr'>fieri</span> <span class='ocrx_word' id='word_1_40' title='bbox 1182 811 1329 890; x_wconf 89' lang='lat' dir='ltr'>potuerit,</span> 
     </span>
     <span class='ocr_line' id='line_1_6' title="bbox 165 916 1330 997; baseline -0.001 -14"><span class='ocrx_word' id='word_1_41' title='bbox 165 928 201 983; x_wconf 90' lang='lat' dir='ltr'>ut</span> <span class='ocrx_word' id='word_1_42' title='bbox 229 919 456 983; x_wconf 84' lang='lat' dir='ltr'>diversissimae</span> <span class='ocrx_word' id='word_1_43' title='bbox 484 935 552 981; x_wconf 89' lang='lat' dir='ltr'>oum</span> <span class='ocrx_word' id='word_1_44' title='bbox 584 916 744 997; x_wconf 85' lang='lat' dir='ltr'>Odysseae</span> <span class='ocrx_word' id='word_1_45' title='bbox 777 923 844 980; x_wconf 93' lang='lat' dir='ltr'>tum</span> <span class='ocrx_word' id='word_1_46' title='bbox 873 917 980 980; x_wconf 91' lang='lat' dir='ltr'>Iliadis</span> <span class='ocrx_word' id='word_1_47' title='bbox 1010 922 1116 997; x_wconf 92' lang='lat' dir='ltr'>partes</span> <span class='ocrx_word' id='word_1_48' title='bbox 1147 935 1166 979; x_wconf 89' lang='lat' dir='ltr'>a</span> <span class='ocrx_word' id='word_1_49' title='bbox 1198 917 1330 982; x_wconf 91' lang='lat' dir='ltr'>diversis</span> 
     </span>
    </p>
   </div>
   <div class='ocr_carea' id='block_1_2' title="bbox 164 1023 1328 1213">
    <p class='ocr_par' dir='ltr' id='par_1_2' title="bbox 164 1023 1328 1213">
     <span class='ocr_line' id='line_1_7' title="bbox 164 1023 1328 1108; baseline -0.001 -18"><span class='ocrx_word' id='word_1_50' title='bbox 164 1028 265 1108; x_wconf 89' lang='lat' dir='ltr'>poetis</span> <span class='ocrx_word' id='word_1_51' title='bbox 294 1025 457 1107; x_wconf 84' lang='lat' dir='ltr'>paullatim</span> <span class='ocrx_word' id='word_1_52' title='bbox 478 1043 541 1104; x_wconf 93' lang='lat' dir='ltr'>per</span> <span class='ocrx_word' id='word_1_53' title='bbox 570 1042 682 1104; x_wconf 89' lang='lat' dir='ltr'>magna</span> <span class='ocrx_word' id='word_1_54' title='bbox 713 1023 815 1104; x_wconf 89' lang='lat' dir='ltr'>spatia</span> <span class='ocrx_word' id='word_1_55' title='bbox 845 1029 1014 1104; x_wconf 91' lang='lat' dir='ltr'>temporum</span> <span class='ocrx_word' id='word_1_56' title='bbox 1043 1023 1144 1088; x_wconf 89' lang='lat' dir='ltr'>factae</span> <span class='ocrx_word' id='word_1_57' title='bbox 1169 1030 1328 1106; x_wconf 84' lang='lat' dir='ltr'>tamquam</span> 
     </span>
     <span class='ocr_line' id='line_1_8' title="bbox 166 1132 781 1213; baseline -0.005 -16"><span class='ocrx_word' id='word_1_58' title='bbox 166 1134 256 1198; x_wconf 91' lang='lat' dir='ltr'>nnius</span> <span class='ocrx_word' id='word_1_59' title='bbox 281 1139 393 1213; x_wconf 91' lang='lat' dir='ltr'>poetae</span> <span class='ocrx_word' id='word_1_60' title='bbox 415 1150 494 1212; x_wconf 90' lang='lat' dir='ltr'>opus</span> <span class='ocrx_word' id='word_1_61' title='bbox 518 1150 586 1196; x_wconf 92' lang='lat' dir='ltr'>esse</span> <span class='ocrx_word' id='word_1_62' title='bbox 607 1132 781 1196; x_wconf 91' lang='lat' dir='ltr'>videantur.</span> 
     </span>
    </p>
   </div>
   <div class='ocr_carea' id='block_1_3' title="bbox 166 1294 1385 2448">
    <p class='ocr_par' dir='ltr' id='par_1_3' title="bbox 166 1294 1385 2448">
     <span class='ocr_line' id='line_1_9' title="bbox 251 1294 1331 1376; baseline 0.004 -19"><span class='ocrx_word' id='word_1_63' title='bbox 251 1297 359 1374; x_wconf 86' lang='lat' dir='ltr'>ltaque</span> <span class='ocrx_word' id='word_1_64' title='bbox 383 1297 520 1375; x_wconf 86' lang='lat' dir='ltr'>ratione,</span> <span class='ocrx_word' id='word_1_65' title='bbox 546 1313 607 1376; x_wconf 93' lang='lat' dir='ltr'>qua</span> <span class='ocrx_word' id='word_1_66' title='bbox 630 1295 798 1359; x_wconf 89' lang='lat' dir='ltr'>carminum</span> <span class='ocrx_word' id='word_1_67' title='bbox 820 1294 1057 1359; x_wconf 91' lang='lat' dir='ltr'>Homericorum</span> <span class='ocrx_word' id='word_1_68' title='bbox 1080 1297 1167 1375; x_wconf 87' lang='lat' dir='ltr'>origo</span> <span class='ocrx_word' id='word_1_69' title='bbox 1191 1297 1331 1362; x_wconf 91' lang='lat' dir='ltr'>conside-</span> 
     </span>
     <span class='ocr_line' id='line_1_10' title="bbox 166 1394 1332 1483; baseline 0.003 -18"><span class='ocrx_word' id='word_1_70' title='bbox 166 1404 353 1482; x_wconf 86' lang='lat' dir='ltr'>randasit,</span> <span class='ocrx_word' id='word_1_71' title='bbox 383 1404 482 1482; x_wconf 88' lang='lat' dir='ltr'>magis</span> <span class='ocrx_word' id='word_1_72' title='bbox 510 1403 674 1482; x_wconf 88' lang='lat' dir='ltr'>perspicua</span> <span class='ocrx_word' id='word_1_73' title='bbox 702 1401 785 1466; x_wconf 87' lang='lat' dir='ltr'>facta</span> <span class='ocrx_word' id='word_1_74' title='bbox 812 1409 939 1483; x_wconf 90' lang='lat' dir='ltr'>praeter</span> <span class='ocrx_word' id='word_1_75' title='bbox 968 1394 1040 1466; x_wconf 87' lang='lat' dir='ltr'>alia</span> <span class='ocrx_word' id='word_1_76' title='bbox 1063 1403 1101 1466; x_wconf 92' lang='lat' dir='ltr'>de</span> <span class='ocrx_word' id='word_1_77' title='bbox 1123 1404 1167 1467; x_wconf 91' lang='lat' dir='ltr'>eis</span> <span class='ocrx_word' id='word_1_78' title='bbox 1191 1405 1332 1468; x_wconf 88' lang='lat' dir='ltr'>versibus</span> 
     </span>
     <span class='ocr_line' id='line_1_11' title="bbox 166 1509 1332 1592; baseline 0.002 -20"><span class='ocrx_word' id='word_1_79' title='bbox 166 1510 289 1587; x_wconf 85' lang='lat' dir='ltr'>Iliadis,</span> <span class='ocrx_word' id='word_1_80' title='bbox 320 1510 349 1572; x_wconf 95' lang='lat' dir='ltr'>in</span> <span class='ocrx_word' id='word_1_81' title='bbox 380 1509 493 1590; x_wconf 90' lang='lat' dir='ltr'>quibus</span> <span class='ocrx_word' id='word_1_82' title='bbox 521 1509 638 1573; x_wconf 90' lang='lat' dir='ltr'>formae</span> <span class='ocrx_word' id='word_1_83' title='bbox 666 1529 685 1574; x_wconf 94' lang='lat' dir='ltr'>a</span> <span class='ocrx_word' id='word_1_84' title='bbox 713 1511 812 1589; x_wconf 84' lang='lat' dir='ltr'>stirpe</span> <span class='ocrx_word' id='word_1_85' title='bbox 837 1532 926 1592; x_wconf 82' lang='grc' dir='ltr'><strong><em>ταρπ</em></strong></span> <span class='ocrx_word' id='word_1_86' title='bbox 949 1509 1107 1574; x_wconf 88' lang='lat' dir='ltr'>derivatae</span> <span class='ocrx_word' id='word_1_87' title='bbox 1131 1511 1332 1577; x_wconf 89' lang='lat' dir='ltr'>inveniuntur</span> 
     </span>
     <span class='ocr_line' id='line_1_12' title="bbox 167 1607 1330 1700; baseline 0.002 -19"><span class='ocrx_word' id='word_1_88' title='bbox 167 1618 343 1700; x_wconf 90' lang='lat' dir='ltr'>quibusque</span> <span class='ocrx_word' id='word_1_89' title='bbox 373 1607 555 1697; x_wconf 89' lang='lat' dir='ltr'>posterioris</span> <span class='ocrx_word' id='word_1_90' title='bbox 588 1623 700 1697; x_wconf 91' lang='lat' dir='ltr'>poetae</span> <span class='ocrx_word' id='word_1_91' title='bbox 728 1618 887 1697; x_wconf 82' lang='lat' dir='ltr'>ingenium</span> <span class='ocrx_word' id='word_1_92' title='bbox 916 1618 1008 1698; x_wconf 94' lang='lat' dir='ltr'>prodi</span> <span class='ocrx_word' id='word_1_93' title='bbox 1040 1617 1114 1681; x_wconf 91' lang='lat' dir='ltr'>mihi</span> <span class='ocrx_word' id='word_1_94' title='bbox 1143 1619 1242 1682; x_wconf 93' lang='lat' dir='ltr'>visum</span> <span class='ocrx_word' id='word_1_95' title='bbox 1273 1625 1330 1696; x_wconf 88' lang='lat' dir='ltr'>est,</span> 
     </span>
     <span class='ocr_line' id='line_1_13' title="bbox 168 1724 1330 1805; baseline 0.001 -18"><span class='ocrx_word' id='word_1_96' title='bbox 168 1724 380 1804; x_wconf 88' lang='lat' dir='ltr'>quaestionem</span> <span class='ocrx_word' id='word_1_97' title='bbox 402 1724 565 1788; x_wconf 87' lang='lat' dir='ltr'>instituere</span> <span class='ocrx_word' id='word_1_98' title='bbox 583 1730 714 1804; x_wconf 90' lang='lat' dir='ltr'>conatus</span> <span class='ocrx_word' id='word_1_99' title='bbox 725 1743 803 1789; x_wconf 86' lang='lat' dir='ltr'>sum.</span> <span class='ocrx_word' id='word_1_100' title='bbox 847 1725 916 1802; x_wconf 78' lang='lat' dir='ltr'>Qua</span> <span class='ocrx_word' id='word_1_101' title='bbox 937 1725 969 1787; x_wconf 93' lang='lat' dir='ltr'>in</span> <span class='ocrx_word' id='word_1_102' title='bbox 993 1743 1027 1787; x_wconf 94' lang='lat' dir='ltr'>re</span> <span class='ocrx_word' id='word_1_103' title='bbox 1049 1724 1234 1805; x_wconf 88' lang='lat' dir='ltr'>temptanda</span> <span class='ocrx_word' id='word_1_104' title='bbox 1255 1725 1330 1789; x_wconf 89' lang='lat' dir='ltr'>nibil</span> 
     </span>
     <span class='ocr_line' id='line_1_14' title="bbox 168 1830 1331 1910; baseline 0.003 -16"><span class='ocrx_word' id='word_1_105' title='bbox 168 1832 228 1894; x_wconf 81' lang='lat' dir='ltr'>nisi</span> <span class='ocrx_word' id='word_1_106' title='bbox 250 1830 279 1894; x_wconf 90' lang='lat' dir='ltr'>id</span> <span class='ocrx_word' id='word_1_107' title='bbox 303 1831 446 1910; x_wconf 83' lang='lat' dir='ltr'>agebam,</span> <span class='ocrx_word' id='word_1_108' title='bbox 470 1844 486 1894; x_wconf 91' lang='lat' dir='ltr'>u</span> <span class='ocrx_word' id='word_1_109' title='bbox 527 1831 634 1895; x_wconf 89' lang='lat' dir='ltr'>critica</span> <span class='ocrx_word' id='word_1_110' title='bbox 656 1832 687 1894; x_wconf 92' lang='lat' dir='ltr'>in</span> <span class='ocrx_word' id='word_1_111' title='bbox 710 1835 779 1896; x_wconf 90' lang='lat' dir='ltr'>arte</span> <span class='ocrx_word' id='word_1_112' title='bbox 796 1851 844 1895; x_wconf 92' lang='lat' dir='ltr'>me</span> <span class='ocrx_word' id='word_1_113' title='bbox 860 1849 1042 1896; x_wconf 86' lang='lat' dir='ltr'>exercerem.</span> <span class='ocrx_word' id='word_1_114' title='bbox 1088 1830 1331 1896; x_wconf 87' lang='lat' dir='ltr'>Theodorus</span> 
     </span>
     <span class='ocr_line' id='line_1_15' title="bbox 167 1936 1331 2019; baseline 0.003 -19"><span class='ocrx_word' id='word_1_115' title='bbox 167 1938 330 2001; x_wconf 89' lang='lat' dir='ltr'>Birtius</span> <span class='ocrx_word' id='word_1_116' title='bbox 353 1945 470 2016; x_wconf 87' lang='lat' dir='ltr'>autem,</span> <span class='ocrx_word' id='word_1_117' title='bbox 493 1939 540 2000; x_wconf 93' lang='lat' dir='ltr'>vir</span> <span class='ocrx_word' id='word_1_118' title='bbox 563 1939 785 2018; x_wconf 90' lang='lat' dir='ltr'>sagacissimus</span> <span class='ocrx_word' id='word_1_119' title='bbox 807 1945 904 2019; x_wconf 91' lang='lat' dir='ltr'>atque</span> <span class='ocrx_word' id='word_1_120' title='bbox 926 1937 1168 2003; x_wconf 90' lang='lat' dir='ltr'>omnidoctrina</span> <span class='ocrx_word' id='word_1_121' title='bbox 1182 1936 1331 2019; x_wconf 86' lang='lat' dir='ltr'>peritissi-</span> 
     </span>
     <span class='ocr_line' id='line_1_16' title="bbox 167 2031 1330 2126; baseline 0.001 -19"><span class='ocrx_word' id='word_1_122' title='bbox 167 2064 244 2124; x_wconf 90' lang='lat' dir='ltr'>mus,</span> <span class='ocrx_word' id='word_1_123' title='bbox 267 2031 452 2126; x_wconf 88' lang='lat' dir='ltr'>praeceptor</span> <span class='ocrx_word' id='word_1_124' title='bbox 474 2044 731 2124; x_wconf 87' lang='lat' dir='ltr'>humanissimus,</span> <span class='ocrx_word' id='word_1_125' title='bbox 759 2064 892 2109; x_wconf 92' lang='lat' dir='ltr'>menon</span> <span class='ocrx_word' id='word_1_126' title='bbox 915 2046 1014 2110; x_wconf 91' lang='lat' dir='ltr'>solum</span> <span class='ocrx_word' id='word_1_127' title='bbox 1036 2046 1212 2126; x_wconf 83' lang='lat' dir='ltr'>admonuit,</span> <span class='ocrx_word' id='word_1_128' title='bbox 1243 2047 1330 2110; x_wconf 93' lang='lat' dir='ltr'>utin</span> 
     </span>
     <span class='ocr_line' id='line_1_17' title="bbox 166 2151 1330 2233; baseline 0.001 -18"><span class='ocrx_word' id='word_1_129' title='bbox 166 2152 224 2216; x_wconf 89' lang='lat' dir='ltr'>hoc</span> <span class='ocrx_word' id='word_1_130' title='bbox 253 2171 367 2231; x_wconf 87' lang='lat' dir='ltr'>genere</span> <span class='ocrx_word' id='word_1_131' title='bbox 396 2151 563 2232; x_wconf 87' lang='lat' dir='ltr'>quaerendi</span> <span class='ocrx_word' id='word_1_132' title='bbox 592 2170 841 2233; x_wconf 89' lang='lat' dir='ltr'>perseverarem,</span> <span class='ocrx_word' id='word_1_133' title='bbox 873 2153 1046 2217; x_wconf 91' lang='lat' dir='ltr'>sedetiam</span> <span class='ocrx_word' id='word_1_134' title='bbox 1069 2152 1143 2216; x_wconf 87' lang='lat' dir='ltr'>milri</span> <span class='ocrx_word' id='word_1_135' title='bbox 1164 2152 1330 2233; x_wconf 88' lang='lat' dir='ltr'>persuasit,</span> 
     </span>
     <span class='ocr_line' id='line_1_18' title="bbox 166 2259 1332 2341; baseline 0.002 -20"><span class='ocrx_word' id='word_1_136' title='bbox 166 2265 203 2321; x_wconf 91' lang='lat' dir='ltr'>ut</span> <span class='ocrx_word' id='word_1_137' title='bbox 225 2259 347 2322; x_wconf 90' lang='lat' dir='ltr'>ederem</span> <span class='ocrx_word' id='word_1_138' title='bbox 371 2277 407 2321; x_wconf 91' lang='lat' dir='ltr'>ea</span> <span class='ocrx_word' id='word_1_139' title='bbox 426 2276 503 2338; x_wconf 92' lang='lat' dir='ltr'>quae</span> <span class='ocrx_word' id='word_1_140' title='bbox 521 2259 699 2339; x_wconf 89' lang='lat' dir='ltr'>quaerendo</span> <span class='ocrx_word' id='word_1_141' title='bbox 718 2261 915 2341; x_wconf 90' lang='lat' dir='ltr'>invenissem,</span> <span class='ocrx_word' id='word_1_142' title='bbox 940 2261 1004 2324; x_wconf 92' lang='lat' dir='ltr'>sive</span> <span class='ocrx_word' id='word_1_143' title='bbox 1019 2259 1143 2340; x_wconf 85' lang='lat' dir='ltr'>quodid</span> <span class='ocrx_word' id='word_1_144' title='bbox 1157 2259 1332 2340; x_wconf 88' lang='lat' dir='ltr'>spectabat,</span> 
     </span>
     <span class='ocr_line' id='line_1_19' title="bbox 166 2367 1385 2448; baseline 0 -18"><span class='ocrx_word' id='word_1_145' title='bbox 166 2373 201 2430; x_wconf 91' lang='lat' dir='ltr'>ut</span> <span class='ocrx_word' id='word_1_146' title='bbox 224 2367 368 2430; x_wconf 87' lang='lat' dir='ltr'>stimulos</span> <span class='ocrx_word' id='word_1_147' title='bbox 392 2368 464 2430; x_wconf 91' lang='lat' dir='ltr'>mibi</span> <span class='ocrx_word' id='word_1_148' title='bbox 487 2368 666 2430; x_wconf 91' lang='lat' dir='ltr'>admoveret</span> <span class='ocrx_word' id='word_1_149' title='bbox 695 2374 727 2430; x_wconf 94' lang='lat' dir='ltr'>et</span> <span class='ocrx_word' id='word_1_150' title='bbox 755 2386 803 2431; x_wconf 90' lang='lat' dir='ltr'>me</span> <span class='ocrx_word' id='word_1_151' title='bbox 826 2368 1015 2448; x_wconf 89' lang='lat' dir='ltr'>impelleret,</span> <span class='ocrx_word' id='word_1_152' title='bbox 1045 2385 1106 2448; x_wconf 94' lang='lat' dir='ltr'>quo</span> <span class='ocrx_word' id='word_1_153' title='bbox 1129 2367 1227 2443; x_wconf 86' lang='lat' dir='ltr'>magis</span> <span class='ocrx_word' id='word_1_154' title='bbox 1248 2369 1330 2431; x_wconf 88' lang='lat' dir='ltr'>vires</span> <span class='ocrx_word' id='word_1_155' title='bbox 1382 2376 1385 2384; x_wconf 86' lang='lat'>&#39;</span> 
     </span>
    </p>
   </div>
   <div class='ocr_carea' id='block_1_4' title="bbox 165 2465 1331 3196">
    <p class='ocr_par' dir='ltr' id='par_1_4' title="bbox 165 2465 1331 3196">
     <span class='ocr_line' id='line_1_20' title="bbox 166 2465 1331 2554; baseline 0.001 -17"><span class='ocrx_word' id='word_1_156' title='bbox 166 2474 376 2553; x_wconf 86' lang='lat' dir='ltr'>intenderem,</span> <span class='ocrx_word' id='word_1_157' title='bbox 408 2475 472 2537; x_wconf 89' lang='lat' dir='ltr'>sive</span> <span class='ocrx_word' id='word_1_158' title='bbox 493 2465 586 2554; x_wconf 66' lang='lat' dir='ltr'>&#39;quod</span> <span class='ocrx_word' id='word_1_159' title='bbox 621 2474 839 2554; x_wconf 87' lang='lat' dir='ltr'>existimabat,</span> <span class='ocrx_word' id='word_1_160' title='bbox 874 2492 958 2538; x_wconf 90' lang='lat' dir='ltr'>meas</span> <span class='ocrx_word' id='word_1_161' title='bbox 988 2475 1130 2554; x_wconf 87' lang='lat' dir='ltr'>quarnvis</span> <span class='ocrx_word' id='word_1_162' title='bbox 1161 2475 1331 2538; x_wconf 90' lang='lat' dir='ltr'>mediocres</span> 
     </span>
     <span class='ocr_line' id='line_1_21' title="bbox 166 2579 1331 2664; baseline 0 -20"><span class='ocrx_word' id='word_1_163' title='bbox 166 2581 367 2664; x_wconf 88' lang='lat' dir='ltr'>quaestiones</span> <span class='ocrx_word' id='word_1_164' title='bbox 390 2582 429 2643; x_wconf 90' lang='lat' dir='ltr'>ad</span> <span class='ocrx_word' id='word_1_165' title='bbox 455 2586 577 2661; x_wconf 87' lang='lat' dir='ltr'>tempus</span> <span class='ocrx_word' id='word_1_166' title='bbox 606 2581 635 2644; x_wconf 93' lang='lat' dir='ltr'>in</span> <span class='ocrx_word' id='word_1_167' title='bbox 660 2581 704 2644; x_wconf 86' lang='lat' dir='ltr'>eis</span> <span class='ocrx_word' id='word_1_168' title='bbox 727 2580 820 2644; x_wconf 92' lang='lat' dir='ltr'>rebus</span> <span class='ocrx_word' id='word_1_169' title='bbox 843 2579 983 2645; x_wconf 89' lang='lat' dir='ltr'>sufficere</span> <span class='ocrx_word' id='word_1_170' title='bbox 1005 2599 1113 2662; x_wconf 90' lang='lat' dir='ltr'>posse,</span> <span class='ocrx_word' id='word_1_171' title='bbox 1146 2599 1224 2662; x_wconf 90' lang='lat' dir='ltr'>quas</span> <span class='ocrx_word' id='word_1_172' title='bbox 1249 2581 1331 2645; x_wconf 88' lang='lat' dir='ltr'>docti</span> 
     </span>
     <span class='ocr_line' id='line_1_22' title="bbox 165 2676 1331 2769; baseline 0.002 -19"><span class='ocrx_word' id='word_1_173' title='bbox 165 2689 224 2751; x_wconf 94' lang='lat' dir='ltr'>viri</span> <span class='ocrx_word' id='word_1_174' title='bbox 245 2688 420 2751; x_wconf 84' lang='lat' dir='ltr'>accrnatius</span> <span class='ocrx_word' id='word_1_175' title='bbox 443 2705 597 2768; x_wconf 84' lang='lat' dir='ltr'>exponere</span> <span class='ocrx_word' id='word_1_176' title='bbox 619 2687 721 2752; x_wconf 87' lang='lat' dir='ltr'>adbuc</span> <span class='ocrx_word' id='word_1_177' title='bbox 744 2676 993 2754; x_wconf 82' lang='lat' dir='ltr'>intermisissent.</span> <span class='ocrx_word' id='word_1_178' title='bbox 1036 2688 1147 2769; x_wconf 88' lang='lat' dir='ltr'>ltaque</span> <span class='ocrx_word' id='word_1_179' title='bbox 1164 2688 1331 2768; x_wconf 89' lang='lat' dir='ltr'>procedere</span> 
     </span>
     <span class='ocr_line' id='line_1_23' title="bbox 166 2794 1329 2876; baseline 0.001 -18"><span class='ocrx_word' id='word_1_180' title='bbox 166 2814 262 2858; x_wconf 90' lang='lat' dir='ltr'>ausus</span> <span class='ocrx_word' id='word_1_181' title='bbox 305 2813 380 2858; x_wconf 90' lang='lat' dir='ltr'>sum.</span> <span class='ocrx_word' id='word_1_182' title='bbox 445 2794 655 2859; x_wconf 89' lang='lat' dir='ltr'>Theodoro</span> <span class='ocrx_word' id='word_1_183' title='bbox 693 2794 825 2858; x_wconf 90' lang='lat' dir='ltr'>Birtio</span> <span class='ocrx_word' id='word_1_184' title='bbox 862 2801 985 2874; x_wconf 89' lang='lat' dir='ltr'>autem,</span> <span class='ocrx_word' id='word_1_185' title='bbox 1022 2815 1050 2859; x_wconf 91' lang='lat' dir='ltr'>v.</span> <span class='ocrx_word' id='word_1_186' title='bbox 1078 2795 1210 2875; x_wconf 88' lang='lat' dir='ltr'>illustr.,</span> <span class='ocrx_word' id='word_1_187' title='bbox 1248 2796 1329 2876; x_wconf 90' lang='lat' dir='ltr'>quod</span> 
     </span>
     <span class='ocr_line' id='line_1_24' title="bbox 166 2901 1329 2982; baseline 0.002 -18"><span class='ocrx_word' id='word_1_188' title='bbox 166 2902 386 2982; x_wconf 89' lang='lat' dir='ltr'>benignissime</span> <span class='ocrx_word' id='word_1_189' title='bbox 415 2901 542 2966; x_wconf 93' lang='lat' dir='ltr'>consilio</span> <span class='ocrx_word' id='word_1_190' title='bbox 565 2908 597 2966; x_wconf 91' lang='lat' dir='ltr'>et</span> <span class='ocrx_word' id='word_1_191' title='bbox 618 2921 652 2964; x_wconf 91' lang='lat' dir='ltr'>re</span> <span class='ocrx_word' id='word_1_192' title='bbox 675 2921 723 2965; x_wconf 91' lang='lat' dir='ltr'>me</span> <span class='ocrx_word' id='word_1_193' title='bbox 746 2902 892 2966; x_wconf 93' lang='lat' dir='ltr'>continno</span> <span class='ocrx_word' id='word_1_194' title='bbox 917 2901 1104 2982; x_wconf 88' lang='lat' dir='ltr'>adiuvabat,</span> <span class='ocrx_word' id='word_1_195' title='bbox 1132 2909 1329 2966; x_wconf 88' lang='lat' dir='ltr'>cunctantem</span> 
     </span>
     <span class='ocr_line' id='line_1_25' title="bbox 166 3008 1331 3089; baseline 0.003 -18"><span class='ocrx_word' id='word_1_196' title='bbox 166 3008 402 3088; x_wconf 81' lang='lat' dir='ltr'>adhortabatur,</span> <span class='ocrx_word' id='word_1_197' title='bbox 425 3008 641 3088; x_wconf 89' lang='lat' dir='ltr'>longiusavia</span> <span class='ocrx_word' id='word_1_198' title='bbox 652 3009 853 3073; x_wconf 91' lang='lat' dir='ltr'>aberrantem</span> <span class='ocrx_word' id='word_1_199' title='bbox 868 3009 1044 3089; x_wconf 88' lang='lat' dir='ltr'>revocabat,</span> <span class='ocrx_word' id='word_1_200' title='bbox 1067 3009 1218 3074; x_wconf 87' lang='lat' dir='ltr'>maximas</span> <span class='ocrx_word' id='word_1_201' title='bbox 1229 3008 1331 3074; x_wconf 90' lang='lat' dir='ltr'>habeo</span> 
     </span>
     <span class='ocr_line' id='line_1_26' title="bbox 167 3100 957 3196; baseline 0.008 -19"><span class='ocrx_word' id='word_1_202' title='bbox 167 3116 287 3194; x_wconf 88' lang='lat' dir='ltr'>gratias</span> <span class='ocrx_word' id='word_1_203' title='bbox 309 3124 405 3196; x_wconf 87' lang='lat' dir='ltr'>alque</span> <span class='ocrx_word' id='word_1_204' title='bbox 429 3116 558 3180; x_wconf 89' lang='lat' dir='ltr'>habebo.</span> <span class='ocrx_word' id='word_1_205' title='bbox 952 3100 957 3105; x_wconf 44' lang='grc'><strong>’</strong></span> 
     </span>
    </p>
   </div>
   <div class='ocr_carea' id='block_1_5' title="bbox 167 3269 1333 4210">
    <p class='ocr_par' dir='ltr' id='par_1_5' title="bbox 167 3269 1333 4210">
     <span class='ocr_line' id='line_1_27' title="bbox 251 3269 1330 3352; baseline 0.003 -19"><span class='ocrx_word' id='word_1_206' title='bbox 251 3270 382 3334; x_wconf 86' lang='lat' dir='ltr'>Praeter</span> <span class='ocrx_word' id='word_1_207' title='bbox 405 3270 461 3334; x_wconf 90' lang='lat' dir='ltr'>hos</span> <span class='ocrx_word' id='word_1_208' title='bbox 479 3278 593 3352; x_wconf 88' lang='lat' dir='ltr'>autem,</span> <span class='ocrx_word' id='word_1_209' title='bbox 617 3289 693 3352; x_wconf 91' lang='lat' dir='ltr'>quos</span> <span class='ocrx_word' id='word_1_210' title='bbox 712 3270 804 3335; x_wconf 91' lang='lat' dir='ltr'>modo</span> <span class='ocrx_word' id='word_1_211' title='bbox 816 3269 889 3350; x_wconf 87' lang='lat' dir='ltr'>dixi,</span> <span class='ocrx_word' id='word_1_212' title='bbox 913 3271 996 3335; x_wconf 90' lang='lat' dir='ltr'>viros</span> <span class='ocrx_word' id='word_1_213' title='bbox 1008 3271 1204 3336; x_wconf 88' lang='lat' dir='ltr'>doctissimos</span> <span class='ocrx_word' id='word_1_214' title='bbox 1216 3271 1330 3336; x_wconf 90' lang='lat' dir='ltr'>multos</span> 
     </span>
     <span class='ocr_line' id='line_1_28' title="bbox 167 3376 1332 3459; baseline 0.002 -19"><span class='ocrx_word' id='word_1_215' title='bbox 167 3376 244 3441; x_wconf 92' lang='lat' dir='ltr'>alios</span> <span class='ocrx_word' id='word_1_216' title='bbox 273 3395 396 3458; x_wconf 92' lang='lat' dir='ltr'>quoque</span> <span class='ocrx_word' id='word_1_217' title='bbox 428 3378 569 3458; x_wconf 88' lang='lat' dir='ltr'>prolerre</span> <span class='ocrx_word' id='word_1_218' title='bbox 601 3396 748 3459; x_wconf 91' lang='lat' dir='ltr'>possum,</span> <span class='ocrx_word' id='word_1_219' title='bbox 786 3377 898 3459; x_wconf 92' lang='lat' dir='ltr'>quibus</span> <span class='ocrx_word' id='word_1_220' title='bbox 927 3378 1060 3442; x_wconf 91' lang='lat' dir='ltr'>multum</span> <span class='ocrx_word' id='word_1_221' title='bbox 1092 3378 1228 3442; x_wconf 87' lang='lat' dir='ltr'>debeam.</span> <span class='ocrx_word' id='word_1_222' title='bbox 1290 3381 1332 3442; x_wconf 79' lang='lat' dir='ltr'>At</span> 
     </span>
     <span class='ocr_line' id='line_1_29' title="bbox 168 3484 1330 3566; baseline 0.003 -20"><span class='ocrx_word' id='word_1_223' title='bbox 168 3484 292 3563; x_wconf 88' lang='lat' dir='ltr'>longum</span> <span class='ocrx_word' id='word_1_224' title='bbox 315 3492 379 3564; x_wconf 93' lang='lat' dir='ltr'>est,</span> <span class='ocrx_word' id='word_1_225' title='bbox 402 3485 526 3548; x_wconf 89' lang='lat' dir='ltr'>nomina</span> <span class='ocrx_word' id='word_1_226' title='bbox 547 3503 652 3548; x_wconf 89' lang='lat' dir='ltr'>eorum</span> <span class='ocrx_word' id='word_1_227' title='bbox 674 3484 887 3565; x_wconf 92' lang='lat' dir='ltr'>dinumerare,</span> <span class='ocrx_word' id='word_1_228' title='bbox 917 3486 970 3566; x_wconf 93' lang='lat' dir='ltr'>qui</span> <span class='ocrx_word' id='word_1_229' title='bbox 993 3484 1030 3548; x_wconf 86' lang='lat' dir='ltr'>de</span> <span class='ocrx_word' id='word_1_230' title='bbox 1053 3485 1189 3550; x_wconf 92' lang='lat' dir='ltr'>Homero</span> <span class='ocrx_word' id='word_1_231' title='bbox 1213 3487 1330 3566; x_wconf 92' lang='lat' dir='ltr'>optime</span> 
     </span>
     <span class='ocr_line' id='line_1_30' title="bbox 168 3591 1330 3673; baseline 0.004 -21"><span class='ocrx_word' id='word_1_232' title='bbox 168 3591 270 3654; x_wconf 83' lang='lat' dir='ltr'>meriti</span> <span class='ocrx_word' id='word_1_233' title='bbox 301 3592 373 3655; x_wconf 90' lang='lat' dir='ltr'>sint.</span> <span class='ocrx_word' id='word_1_234' title='bbox 432 3592 567 3668; x_wconf 78' lang='lat' dir='ltr'>Quorum</span> <span class='ocrx_word' id='word_1_235' title='bbox 597 3594 715 3672; x_wconf 89' lang='lat' dir='ltr'>scripta</span> <span class='ocrx_word' id='word_1_236' title='bbox 747 3593 776 3656; x_wconf 91' lang='lat' dir='ltr'>ci</span> <span class='ocrx_word' id='word_1_237' title='bbox 804 3593 992 3672; x_wconf 87' lang='lat' dir='ltr'>perlegenda</span> <span class='ocrx_word' id='word_1_238' title='bbox 1022 3611 1106 3671; x_wconf 91' lang='lat' dir='ltr'>esse,</span> <span class='ocrx_word' id='word_1_239' title='bbox 1137 3594 1190 3673; x_wconf 95' lang='lat' dir='ltr'>qui</span> <span class='ocrx_word' id='word_1_240' title='bbox 1219 3593 1330 3657; x_wconf 91' lang='lat' dir='ltr'>studiis</span> 
     </span>
     <span class='ocr_line' id='line_1_31' title="bbox 168 3698 1330 3784; baseline 0.001 -22"><span class='ocrx_word' id='word_1_241' title='bbox 168 3698 340 3762; x_wconf 89' lang='lat' dir='ltr'>Homericis</span> <span class='ocrx_word' id='word_1_242' title='bbox 369 3718 495 3781; x_wconf 90' lang='lat' dir='ltr'>operam</span> <span class='ocrx_word' id='word_1_243' title='bbox 527 3707 637 3784; x_wconf 92' lang='lat' dir='ltr'>navet,</span> <span class='ocrx_word' id='word_1_244' title='bbox 669 3717 727 3780; x_wconf 87' lang='lat' dir='ltr'>per</span> <span class='ocrx_word' id='word_1_245' title='bbox 755 3700 1016 3781; x_wconf 81' lang='lat' dir='ltr'>seintellegitur.</span> <span class='ocrx_word' id='word_1_246' title='bbox 1076 3701 1190 3764; x_wconf 82' lang='lat' dir='ltr'>Elorum</span> <span class='ocrx_word' id='word_1_247' title='bbox 1225 3707 1330 3763; x_wconf 87' lang='lat' dir='ltr'>autem</span> 
     </span>
     <span class='ocr_line' id='line_1_32' title="bbox 169 3807 1331 3886; baseline 0.002 -17"><span class='ocrx_word' id='word_1_248' title='bbox 169 3825 332 3885; x_wconf 87' lang='lat' dir='ltr'>numerus,</span> <span class='ocrx_word' id='word_1_249' title='bbox 370 3808 424 3886; x_wconf 93' lang='lat' dir='ltr'>qui</span> <span class='ocrx_word' id='word_1_250' title='bbox 468 3807 628 3870; x_wconf 88' lang='lat' dir='ltr'>metricam</span> <span class='ocrx_word' id='word_1_251' title='bbox 668 3813 700 3870; x_wconf 88' lang='lat' dir='ltr'>et</span> <span class='ocrx_word' id='word_1_252' title='bbox 734 3808 971 3886; x_wconf 87' lang='lat' dir='ltr'>grammaticam</span> <span class='ocrx_word' id='word_1_253' title='bbox 1006 3807 1251 3870; x_wconf 91' lang='lat' dir='ltr'>observationem</span> <span class='ocrx_word' id='word_1_254' title='bbox 1289 3807 1331 3871; x_wconf 90' lang='lat' dir='ltr'>ad</span> 
     </span>
     <span class='ocr_line' id='line_1_33' title="bbox 168 3913 1332 3996; baseline 0.001 -21"><span class='ocrx_word' id='word_1_255' title='bbox 168 3914 368 3993; x_wconf 90' lang='lat' dir='ltr'>quaestiones</span> <span class='ocrx_word' id='word_1_256' title='bbox 391 3913 573 3977; x_wconf 83' lang='lat' dir='ltr'>Homericos</span> <span class='ocrx_word' id='word_1_257' title='bbox 602 3913 828 3996; x_wconf 90' lang='lat' dir='ltr'>adhibuerunt,</span> <span class='ocrx_word' id='word_1_258' title='bbox 858 3933 918 3977; x_wconf 91' lang='lat' dir='ltr'>non</span> <span class='ocrx_word' id='word_1_259' title='bbox 949 3915 994 3978; x_wconf 90' lang='lat' dir='ltr'>ita</span> <span class='ocrx_word' id='word_1_260' title='bbox 1016 3931 1147 3994; x_wconf 87' lang='lat' dir='ltr'>magnus</span> <span class='ocrx_word' id='word_1_261' title='bbox 1167 3921 1232 3994; x_wconf 92' lang='lat' dir='ltr'>est,</span> <span class='ocrx_word' id='word_1_262' title='bbox 1267 3914 1332 3976; x_wconf 91' lang='lat' dir='ltr'>sive</span> 
     </span>
     <span class='ocr_line' id='line_1_34' title="bbox 169 4019 1331 4101; baseline -0.001 -18"><span class='ocrx_word' id='word_1_263' title='bbox 169 4019 251 4099; x_wconf 93' lang='lat' dir='ltr'>quod</span> <span class='ocrx_word' id='word_1_264' title='bbox 286 4038 335 4083; x_wconf 92' lang='lat' dir='ltr'>res</span> <span class='ocrx_word' id='word_1_265' title='bbox 367 4027 415 4082; x_wconf 93' lang='lat' dir='ltr'>est</span> <span class='ocrx_word' id='word_1_266' title='bbox 439 4019 634 4100; x_wconf 88' lang='lat' dir='ltr'>difficillima,</span> <span class='ocrx_word' id='word_1_267' title='bbox 667 4021 732 4084; x_wconf 88' lang='lat' dir='ltr'>sive</span> <span class='ocrx_word' id='word_1_268' title='bbox 754 4021 837 4100; x_wconf 91' lang='lat' dir='ltr'>quod</span> <span class='ocrx_word' id='word_1_269' title='bbox 861 4021 984 4101; x_wconf 91' lang='lat' dir='ltr'>plurimi</span> <span class='ocrx_word' id='word_1_270' title='bbox 1008 4020 1170 4099; x_wconf 86' lang='lat' dir='ltr'>dubitant,</span> <span class='ocrx_word' id='word_1_271' title='bbox 1199 4038 1271 4083; x_wconf 86' lang='lat' dir='ltr'>nuru</span> <span class='ocrx_word' id='word_1_272' title='bbox 1294 4037 1331 4084; x_wconf 89' lang='lat' dir='ltr'>ea</span> 
     </span>
     <span class='ocr_line' id='line_1_35' title="bbox 171 4126 1333 4210; baseline 0 -20"><span class='ocrx_word' id='word_1_273' title='bbox 171 4127 209 4190; x_wconf 85' lang='lat' dir='ltr'>ad</span> <span class='ocrx_word' id='word_1_274' title='bbox 241 4128 456 4210; x_wconf 87' lang='lat' dir='ltr'>quaestionem</span> <span class='ocrx_word' id='word_1_275' title='bbox 489 4127 667 4193; x_wconf 85' lang='lat' dir='ltr'>solvendam</span> <span class='ocrx_word' id='word_1_276' title='bbox 696 4129 821 4191; x_wconf 94' lang='lat' dir='ltr'>omnino</span> <span class='ocrx_word' id='word_1_277' title='bbox 852 4129 982 4194; x_wconf 92' lang='lat' dir='ltr'>multum</span> <span class='ocrx_word' id='word_1_278' title='bbox 1009 4129 1121 4194; x_wconf 88' lang='lat' dir='ltr'>valeat.</span> <span class='ocrx_word' id='word_1_279' title='bbox 1174 4126 1258 4194; x_wconf 86' lang='lat' dir='ltr'>Satis</span> <span class='ocrx_word' id='word_1_280' title='bbox 1291 4127 1333 4190; x_wconf 90' lang='lat' dir='ltr'>sit</span> 
     </span>
    </p>
   </div>
   <div class='ocr_carea' id='block_1_6' title="bbox 0 0 1505 4846">
    <p class='ocr_par' dir='ltr' id='par_1_6' title="bbox 0 0 1505 4846">
     <span class='ocr_line' id='line_1_36' title="bbox 0 0 1505 4846; baseline 0 0"><span class='ocrx_word' id='word_1_281' title='bbox 0 0 1505 4846; x_wconf 95' lang='lat' dir='ltr'> </span> 
     </span>
    </p>
   </div>
  </div>
 </body>
</html>
