<?xml version="1.0" encoding="UTF-8"?>
<!DOCTYPE html PUBLIC "-//W3C//DTD XHTML 1.0 Transitional//EN"
    "http://www.w3.org/TR/xhtml1/DTD/xhtml1-transitional.dtd">
<html xmlns="http://www.w3.org/1999/xhtml" xml:lang="en" lang="en">
 <head>
  <title>
</title>
<meta http-equiv="Content-Type" content="text/html;charset=utf-8" />
  <meta name='ocr-system' content='tesseract 3.04.00' />
  <meta name='ocr-capabilities' content='ocr_page ocr_carea ocr_par ocr_line ocrx_word'/>
</head>
<body>
  <div class='ocr_page' id='page_1' title='image "./deiraachillissi00weidgoog_0085.png"; bbox 0 0 2992 4846; ppageno 0'>
   <div class='ocr_carea' id='block_1_1' title="bbox 101 1376 115 1403">
    <p class='ocr_par' dir='ltr' id='par_1_1' title="bbox 101 1376 115 1403">
     <span class='ocr_line' id='line_1_1' title="bbox 101 1376 115 1403; baseline 0 0"><span class='ocrx_word' id='word_1_1' title='bbox 101 1376 115 1403; x_wconf 74' lang='lat' dir='ltr'><em>l</em></span> 
     </span>
    </p>
   </div>
   <div class='ocr_carea' id='block_1_2' title="bbox 757 296 799 361">
    <p class='ocr_par' dir='ltr' id='par_1_2' title="bbox 757 296 799 361">
     <span class='ocr_line' id='line_1_2' title="bbox 757 296 799 361; baseline -0.048 0"><span class='ocrx_word' id='word_1_2' title='bbox 757 296 799 361; x_wconf 73' lang='grc'><em>64</em></span> 
     </span>
    </p>
   </div>
   <div class='ocr_carea' id='block_1_3' title="bbox 161 475 1411 4195">
    <p class='ocr_par' dir='ltr' id='par_1_3' title="bbox 180 475 1352 651">
     <span class='ocr_line' id='line_1_3' title="bbox 264 475 1352 566; baseline 0.01 -24"><span class='ocrx_word' id='word_1_3' title='bbox 264 480 332 557; x_wconf 80' lang='lat' dir='ltr'><em>Qua</em></span> <span class='ocrx_word' id='word_1_4' title='bbox 364 478 403 542; x_wconf 88' lang='lat' dir='ltr'>de</span> <span class='ocrx_word' id='word_1_5' title='bbox 436 496 529 543; x_wconf 89' lang='lat' dir='ltr'>causa</span> <span class='ocrx_word' id='word_1_6' title='bbox 561 475 728 557; x_wconf 86' lang='lat' dir='ltr'>Neptunus</span> <span class='ocrx_word' id='word_1_7' title='bbox 756 476 838 540; x_wconf 83' lang='lat' dir='ltr'>Ulixi</span> <span class='ocrx_word' id='word_1_8' title='bbox 871 478 971 542; x_wconf 90' lang='lat' dir='ltr'>iratus</span> <span class='ocrx_word' id='word_1_9' title='bbox 1006 481 1062 556; x_wconf 76' lang='lat' dir='ltr'>sit,</span> <span class='ocrx_word' id='word_1_10' title='bbox 1094 483 1244 566; x_wconf 83' lang='lat' dir='ltr'>luppiter</span> <span class='ocrx_word' id='word_1_11' title='bbox 1273 495 1352 563; x_wconf 78' lang='lat' dir='ltr'>dicit.</span> 
     </span>
     <span class='ocr_line' id='line_1_4' title="bbox 180 589 330 651; baseline 0 -2"><span class='ocrx_word' id='word_1_12' title='bbox 180 611 202 649; x_wconf 83' lang='grc' dir='ltr'><em>α</em></span> <span class='ocrx_word' id='word_1_13' title='bbox 223 589 330 651; x_wconf 81' lang='lat' dir='ltr'>d8ss.:</span> 
     </span>
    </p>

    <p class='ocr_par' dir='ltr' id='par_1_4' title="bbox 261 688 971 776">
     <span class='ocr_line' id='line_1_5' title="bbox 261 688 971 776; baseline -0.017 -19"><span class='ocrx_word' id='word_1_14' title='bbox 261 693 346 757; x_wconf 85' lang='grc' dir='ltr'><em>οἰλλά</em></span> <span class='ocrx_word' id='word_1_15' title='bbox 366 689 560 755; x_wconf 77' lang='grc' dir='ltr'><em>Ποσειδάων</em></span> <span class='ocrx_word' id='word_1_16' title='bbox 580 689 725 776; x_wconf 80' lang='grc' dir='ltr'><em>γαιήοχος</em></span> <span class='ocrx_word' id='word_1_17' title='bbox 747 689 882 763; x_wconf 80' lang='grc' dir='ltr'><em>α’σκελὲς</em></span> <span class='ocrx_word' id='word_1_18' title='bbox 903 688 971 752; x_wconf 84' lang='grc' dir='ltr'><em>αἰεί</em></span> 
     </span>
    </p>

    <p class='ocr_par' dir='ltr' id='par_1_5' title="bbox 262 796 1083 879">
     <span class='ocr_line' id='line_1_6' title="bbox 262 796 1083 879; baseline -0.004 -15"><span class='ocrx_word' id='word_1_19' title='bbox 262 799 437 871; x_wconf 79' lang='grc' dir='ltr'><em>Κύκλωπος</em></span> <span class='ocrx_word' id='word_1_20' title='bbox 456 796 639 877; x_wconf 90' lang='grc' dir='ltr'><em>κεχόλωται;</em></span> <span class='ocrx_word' id='word_1_21' title='bbox 663 796 700 860; x_wconf 86' lang='grc' dir='ltr'><em>ὃν</em></span> <span class='ocrx_word' id='word_1_22' title='bbox 722 797 901 879; x_wconf 84' lang='grc' dir='ltr'><em>ὀφθαλμοῦ</em></span> <span class='ocrx_word' id='word_1_23' title='bbox 921 797 1083 878; x_wconf 86' lang='grc' dir='ltr'><em>α’λάωσεν,</em></span> 
     </span>
    </p>

    <p class='ocr_par' dir='ltr' id='par_1_6' title="bbox 259 901 1137 987">
     <span class='ocr_line' id='line_1_7' title="bbox 259 901 1137 987; baseline 0.001 -18"><span class='ocrx_word' id='word_1_24' title='bbox 259 907 418 970; x_wconf 85' lang='grc' dir='ltr'><em>α’ντίθεον</em></span> <span class='ocrx_word' id='word_1_25' title='bbox 440 901 650 986; x_wconf 78' lang='grc' dir='ltr'><em>Πολύφημον,</em></span> <span class='ocrx_word' id='word_1_26' title='bbox 675 901 731 966; x_wconf 67' lang='lat' dir='ltr'><em>dnn</em></span> <span class='ocrx_word' id='word_1_27' title='bbox 751 903 865 985; x_wconf 88' lang='grc' dir='ltr'><em>κράτος</em></span> <span class='ocrx_word' id='word_1_28' title='bbox 889 907 964 968; x_wconf 81' lang='grc' dir='ltr'><em>ἔσκε</em></span> <span class='ocrx_word' id='word_1_29' title='bbox 984 913 1137 987; x_wconf 89' lang='grc' dir='ltr'><em>μέγιστον</em></span> 
     </span>
    </p>

    <p class='ocr_par' dir='ltr' id='par_1_7' title="bbox 260 1010 1126 1097">
     <span class='ocr_line' id='line_1_8' title="bbox 260 1010 1126 1097; baseline 0 -21"><span class='ocrx_word' id='word_1_30' title='bbox 260 1017 365 1077; x_wconf 78' lang='grc' dir='ltr'><em>πᾶσιν</em></span> <span class='ocrx_word' id='word_1_31' title='bbox 387 1011 610 1076; x_wconf 80' lang='grc' dir='ltr'><em>Κυκλώπεσσι·</em></span> <span class='ocrx_word' id='word_1_32' title='bbox 644 1010 765 1074; x_wconf 70' lang='grc' dir='ltr'><em>Θόωσα</em></span> <span class='ocrx_word' id='word_1_33' title='bbox 787 1011 827 1073; x_wconf 89' lang='grc' dir='ltr'><em>δέ</em></span> <span class='ocrx_word' id='word_1_34' title='bbox 844 1034 899 1091; x_wconf 91' lang='grc' dir='ltr'><em>μιν</em></span> <span class='ocrx_word' id='word_1_35' title='bbox 921 1020 992 1074; x_wconf 89' lang='grc' dir='ltr'><em>τέκε</em></span> <span class='ocrx_word' id='word_1_36' title='bbox 1015 1012 1126 1097; x_wconf 79' lang='grc' dir='ltr'><em>νύμφη</em></span> 
     </span>
    </p>

    <p class='ocr_par' dir='ltr' id='par_1_8' title="bbox 265 1118 1081 1201">
     <span class='ocr_line' id='line_1_9' title="bbox 265 1118 1081 1201; baseline -0.005 -17"><span class='ocrx_word' id='word_1_37' title='bbox 265 1120 427 1201; x_wconf 86' lang='grc' dir='ltr'><em>Φόρκυνος</em></span> <span class='ocrx_word' id='word_1_38' title='bbox 449 1119 595 1201; x_wconf 89' lang='grc' dir='ltr'><em>θυγάτηρ</em></span> <span class='ocrx_word' id='word_1_39' title='bbox 615 1118 693 1191; x_wconf 84' lang='grc' dir='ltr'><em>άλός</em></span> <span class='ocrx_word' id='word_1_40' title='bbox 714 1118 898 1199; x_wconf 70' lang='grc' dir='ltr'><em>ἀτρυγέτοιο</em></span> <span class='ocrx_word' id='word_1_41' title='bbox 919 1119 1081 1199; x_wconf 86' lang='grc' dir='ltr'><em>μέδοντος,</em></span> 
     </span>
    </p>

    <p class='ocr_par' dir='ltr' id='par_1_9' title="bbox 260 1225 1032 1307">
     <span class='ocr_line' id='line_1_10' title="bbox 260 1225 1032 1307; baseline -0.004 -18"><span class='ocrx_word' id='word_1_42' title='bbox 260 1230 295 1289; x_wconf 84' lang='grc' dir='ltr'><em>ἐν</em></span> <span class='ocrx_word' id='word_1_43' title='bbox 318 1237 441 1290; x_wconf 87' lang='grc' dir='ltr'><em>σπέσσι</em></span> <span class='ocrx_word' id='word_1_44' title='bbox 463 1227 653 1307; x_wconf 80' lang='grc' dir='ltr'><em>γλαφυροῖσι</em></span> <span class='ocrx_word' id='word_1_45' title='bbox 675 1225 882 1288; x_wconf 90' lang='grc' dir='ltr'><em>Ποσειδάωνι</em></span> <span class='ocrx_word' id='word_1_46' title='bbox 903 1230 1032 1306; x_wconf 91' lang='grc' dir='ltr'><em>μιγεῖσα</em></span> 
     </span>
    </p>

    <p class='ocr_par' dir='ltr' id='par_1_10' title="bbox 260 1330 1136 1423">
     <span class='ocr_line' id='line_1_11' title="bbox 260 1330 1136 1423; baseline 0.001 -27"><span class='ocrx_word' id='word_1_47' title='bbox 260 1330 299 1396; x_wconf 79' lang='grc' dir='ltr'><em>οδ</em></span> <span class='ocrx_word' id='word_1_48' title='bbox 319 1356 350 1395; x_wconf 90' lang='grc' dir='ltr'><em>τι</em></span> <span class='ocrx_word' id='word_1_49' title='bbox 371 1338 580 1410; x_wconf 83' lang='grc' dir='ltr'><em>κατακτείνει,</em></span> <span class='ocrx_word' id='word_1_50' title='bbox 604 1332 719 1409; x_wconf 85' lang='grc' dir='ltr'><em>πλάζει</em></span> <span class='ocrx_word' id='word_1_51' title='bbox 737 1332 765 1393; x_wconf 82' lang='grc' dir='ltr'><em>δ</em></span> <span class='ocrx_word' id='word_1_52' title='bbox 787 1332 857 1395; x_wconf 85' lang='grc' dir='ltr'><em>α’πδ</em></span> <span class='ocrx_word' id='word_1_53' title='bbox 881 1333 1037 1423; x_wconf 79' lang='grc' dir='ltr'><em>πατρίδος</em></span> <span class='ocrx_word' id='word_1_54' title='bbox 1056 1334 1136 1418; x_wconf 87' lang='grc' dir='ltr'><em>αἴης·</em></span> 
     </span>
    </p>

    <p class='ocr_par' dir='ltr' id='par_1_11' title="bbox 173 1438 1344 1841">
     <span class='ocr_line' id='line_1_12' title="bbox 178 1438 1342 1528; baseline 0.008 -24"><span class='ocrx_word' id='word_1_55' title='bbox 178 1441 236 1518; x_wconf 81' lang='lat' dir='ltr'><em>Qui</em></span> <span class='ocrx_word' id='word_1_56' title='bbox 268 1459 374 1504; x_wconf 87' lang='lat' dir='ltr'>versus</span> <span class='ocrx_word' id='word_1_57' title='bbox 403 1458 500 1520; x_wconf 86' lang='lat' dir='ltr'>neque</span> <span class='ocrx_word' id='word_1_58' title='bbox 528 1439 664 1519; x_wconf 88' lang='lat' dir='ltr'>suspecti</span> <span class='ocrx_word' id='word_1_59' title='bbox 694 1438 826 1502; x_wconf 86' lang='lat' dir='ltr'>habendi</span> <span class='ocrx_word' id='word_1_60' title='bbox 856 1445 929 1502; x_wconf 90' lang='lat' dir='ltr'>sunt</span> <span class='ocrx_word' id='word_1_61' title='bbox 959 1446 1053 1520; x_wconf 86' lang='lat' dir='ltr'>atque</span> <span class='ocrx_word' id='word_1_62' title='bbox 1082 1444 1279 1528; x_wconf 68' lang='lat' dir='ltr'>iata-36,</span> <span class='ocrx_word' id='word_1_63' title='bbox 1311 1451 1342 1512; x_wconf 90' lang='lat' dir='ltr'><em>in</em></span> 
     </span>
     <span class='ocr_line' id='line_1_13' title="bbox 177 1545 1344 1634; baseline 0.007 -22"><span class='ocrx_word' id='word_1_64' title='bbox 177 1549 290 1628; x_wconf 92' lang='lat' dir='ltr'>quibus</span> <span class='ocrx_word' id='word_1_65' title='bbox 308 1547 510 1627; x_wconf 83' lang='lat' dir='ltr'>Polyphemus</span> <span class='ocrx_word' id='word_1_66' title='bbox 533 1565 566 1610; x_wconf 93' lang='lat' dir='ltr'>se</span> <span class='ocrx_word' id='word_1_67' title='bbox 584 1546 721 1626; x_wconf 89' lang='lat' dir='ltr'>Neptuni</span> <span class='ocrx_word' id='word_1_68' title='bbox 745 1545 838 1609; x_wconf 85' lang='lat' dir='ltr'>iiliurn</span> <span class='ocrx_word' id='word_1_69' title='bbox 857 1564 925 1609; x_wconf 87' lang='lat' dir='ltr'>esse</span> <span class='ocrx_word' id='word_1_70' title='bbox 947 1546 1064 1611; x_wconf 87' lang='lat' dir='ltr'>fatetur</span> <span class='ocrx_word' id='word_1_71' title='bbox 1086 1555 1118 1612; x_wconf 89' lang='lat' dir='ltr'>ct</span> <span class='ocrx_word' id='word_1_72' title='bbox 1140 1569 1156 1613; x_wconf 88' lang='lat' dir='ltr'>a</span> <span class='ocrx_word' id='word_1_73' title='bbox 1179 1561 1283 1634; x_wconf 88' lang='lat' dir='ltr'>patre,</span> <span class='ocrx_word' id='word_1_74' title='bbox 1309 1564 1344 1620; x_wconf 89' lang='lat' dir='ltr'>ut</span> 
     </span>
     <span class='ocr_line' id='line_1_14' title="bbox 178 1645 701 1735; baseline -0.01 -16"><span class='ocrx_word' id='word_1_75' title='bbox 178 1656 297 1719; x_wconf 83' lang='lat' dir='ltr'>Ulixem</span> <span class='ocrx_word' id='word_1_76' title='bbox 319 1655 449 1735; x_wconf 80' lang='lat' dir='ltr'>perdat,</span> <span class='ocrx_word' id='word_1_77' title='bbox 475 1661 640 1734; x_wconf 82' lang='lat' dir='ltr'>precatur:</span> <span class='ocrx_word' id='word_1_78' title='bbox 698 1645 701 1654; x_wconf 74' lang='grc'><strong>“</strong></span> 
     </span>
     <span class='ocr_line' id='line_1_15' title="bbox 173 1756 1012 1841; baseline -0.002 -15"><span class='ocrx_word' id='word_1_79' title='bbox 173 1787 182 1826; x_wconf 96' lang='grc' dir='ltr'><em>ι</em></span> <span class='ocrx_word' id='word_1_80' title='bbox 204 1762 265 1826; x_wconf 62' lang='lat'><em>528</em></span> <span class='ocrx_word' id='word_1_81' title='bbox 299 1760 424 1839; x_wconf 69' lang='grc' dir='ltr'><em>»κλόθη</em></span> <span class='ocrx_word' id='word_1_82' title='bbox 447 1760 634 1823; x_wconf 88' lang='grc' dir='ltr'><em>ΠοσείδαονΙ</em></span> <span class='ocrx_word' id='word_1_83' title='bbox 655 1756 784 1841; x_wconf 84' lang='grc' dir='ltr'><em>γαιηόχε</em></span> <span class='ocrx_word' id='word_1_84' title='bbox 804 1763 1012 1837; x_wconf 84' lang='grc' dir='ltr'><em>κυανοχαῖτα.</em></span> 
     </span>
    </p>

    <p class='ocr_par' dir='ltr' id='par_1_12' title="bbox 297 1860 1194 1949">
     <span class='ocr_line' id='line_1_16' title="bbox 297 1860 1194 1949; baseline 0.003 -20"><span class='ocrx_word' id='word_1_85' title='bbox 297 1866 327 1930; x_wconf 92' lang='grc' dir='ltr'><em>εἰ</em></span> <span class='ocrx_word' id='word_1_86' title='bbox 347 1865 438 1930; x_wconf 86' lang='grc' dir='ltr'><em>ἐτεόν</em></span> <span class='ocrx_word' id='word_1_87' title='bbox 459 1889 492 1947; x_wconf 87' lang='grc' dir='ltr'><em>γε</em></span> <span class='ocrx_word' id='word_1_88' title='bbox 513 1864 569 1940; x_wconf 92' lang='grc' dir='ltr'><em>σός</em></span> <span class='ocrx_word' id='word_1_89' title='bbox 591 1865 665 1945; x_wconf 91' lang='grc' dir='ltr'><em>εἰμι,</em></span> <span class='ocrx_word' id='word_1_90' title='bbox 687 1864 797 1949; x_wconf 68' lang='grc' dir='ltr'><em>πατὴρ</em></span> <span class='ocrx_word' id='word_1_91' title='bbox 819 1865 848 1926; x_wconf 83' lang='grc' dir='ltr'><em>δ’</em></span> <span class='ocrx_word' id='word_1_92' title='bbox 870 1866 946 1946; x_wconf 85' lang='grc' dir='ltr'><em>ε’μός</em></span> <span class='ocrx_word' id='word_1_93' title='bbox 968 1861 1080 1946; x_wconf 82' lang='grc' dir='ltr'><em>εἰίχεαι</em></span> <span class='ocrx_word' id='word_1_94' title='bbox 1099 1860 1194 1949; x_wconf 86' lang='grc' dir='ltr'><em>εἰναι,</em></span> 
     </span>
    </p>

    <p class='ocr_par' dir='ltr' id='par_1_13' title="bbox 294 1971 1150 2057">
     <span class='ocr_line' id='line_1_17' title="bbox 294 1971 1150 2057; baseline 0.004 -21"><span class='ocrx_word' id='word_1_95' title='bbox 294 1975 351 2048; x_wconf 85' lang='grc' dir='ltr'><em>δός</em></span> <span class='ocrx_word' id='word_1_96' title='bbox 370 1974 415 2057; x_wconf 84' lang='grc' dir='ltr'><em>μη’</em></span> <span class='ocrx_word' id='word_1_97' title='bbox 435 1974 598 2057; x_wconf 82' lang='grc' dir='ltr'><em>Ὀδυσσῆα</em></span> <span class='ocrx_word' id='word_1_98' title='bbox 618 1971 859 2054; x_wconf 68' lang='grc' dir='ltr'><em>πτολιπόρθιον</em></span> <span class='ocrx_word' id='word_1_99' title='bbox 881 1972 984 2036; x_wconf 83' lang='grc' dir='ltr'><em>οἴκαδ’</em></span> <span class='ocrx_word' id='word_1_100' title='bbox 1008 1974 1150 2039; x_wconf 82' lang='grc' dir='ltr'><em>ἱκέσθαι.</em></span> 
     </span>
    </p>

    <p class='ocr_par' dir='ltr' id='par_1_14' title="bbox 293 2078 1022 2164">
     <span class='ocr_line' id='line_1_18' title="bbox 293 2078 1022 2164; baseline -0.003 -20"><span class='ocrx_word' id='word_1_101' title='bbox 293 2080 377 2163; x_wconf 81' lang='grc' dir='ltr'><em>(υἱόν</em></span> <span class='ocrx_word' id='word_1_102' title='bbox 397 2087 562 2160; x_wconf 80' lang='grc' dir='ltr'><em>Λαέρτεω,</em></span> <span class='ocrx_word' id='word_1_103' title='bbox 582 2078 696 2164; x_wconf 83' lang='grc' dir='ltr'><em>Ἰθάκη</em></span> <span class='ocrx_word' id='word_1_104' title='bbox 720 2082 767 2142; x_wconf 77' lang='grc' dir='ltr'><em>ἔνι</em></span> <span class='ocrx_word' id='word_1_105' title='bbox 789 2079 862 2142; x_wconf 92' lang='grc' dir='ltr'><em>οἰκί’</em></span> <span class='ocrx_word' id='word_1_106' title='bbox 884 2082 1022 2160; x_wconf 78' lang='grc' dir='ltr'><em>ἔχοντα.)</em></span> 
     </span>
    </p>

    <p class='ocr_par' dir='ltr' id='par_1_15' title="bbox 293 2185 1202 2268">
     <span class='ocr_line' id='line_1_19' title="bbox 293 2185 1202 2268; baseline 0.002 -17"><span class='ocrx_word' id='word_1_107' title='bbox 293 2188 366 2252; x_wconf 91' lang='grc' dir='ltr'><em>α’λλ’</em></span> <span class='ocrx_word' id='word_1_108' title='bbox 388 2186 423 2250; x_wconf 88' lang='grc' dir='ltr'><em>εἰ</em></span> <span class='ocrx_word' id='word_1_109' title='bbox 439 2186 469 2249; x_wconf 82' lang='grc' dir='ltr'><em>οἱ</em></span> <span class='ocrx_word' id='word_1_110' title='bbox 489 2187 574 2268; x_wconf 90' lang='grc' dir='ltr'><em>μοῖρ’</em></span> <span class='ocrx_word' id='word_1_111' title='bbox 596 2186 667 2250; x_wconf 80' lang='grc' dir='ltr'><em>ἐστὶ</em></span> <span class='ocrx_word' id='word_1_112' title='bbox 690 2186 801 2268; x_wconf 86' lang='grc' dir='ltr'><em>φίλους</em></span> <span class='ocrx_word' id='word_1_113' title='bbox 823 2188 851 2248; x_wconf 90' lang='grc' dir='ltr'><em>τ’</em></span> <span class='ocrx_word' id='word_1_114' title='bbox 872 2185 970 2250; x_wconf 84' lang='grc' dir='ltr'><em>ἰδέειν</em></span> <span class='ocrx_word' id='word_1_115' title='bbox 993 2189 1046 2252; x_wconf 88' lang='grc' dir='ltr'><em>καί</em></span> <span class='ocrx_word' id='word_1_116' title='bbox 1068 2188 1202 2254; x_wconf 84' lang='grc' dir='ltr'><em>ἱκέσθαι</em></span> 
     </span>
    </p>

    <p class='ocr_par' dir='ltr' id='par_1_16' title="bbox 296 2286 1091 2380">
     <span class='ocr_line' id='line_1_20' title="bbox 296 2286 1091 2380; baseline 0.001 -22"><span class='ocrx_word' id='word_1_117' title='bbox 296 2286 386 2358; x_wconf 84' lang='grc' dir='ltr'><em>οἰκον</em></span> <span class='ocrx_word' id='word_1_118' title='bbox 407 2295 594 2375; x_wconf 82' lang='grc' dir='ltr'><em>ἐυκτίμενον</em></span> <span class='ocrx_word' id='word_1_119' title='bbox 614 2294 667 2355; x_wconf 80' lang='grc' dir='ltr'><em>καί</em></span> <span class='ocrx_word' id='word_1_120' title='bbox 690 2292 748 2380; x_wconf 79' lang='grc' dir='ltr'><em>ἑην</em></span> <span class='ocrx_word' id='word_1_121' title='bbox 768 2295 799 2367; x_wconf 91' lang='grc' dir='ltr'><em>ε’ς</em></span> <span class='ocrx_word' id='word_1_122' title='bbox 819 2295 965 2374; x_wconf 89' lang='grc' dir='ltr'><em>πατρίδα</em></span> <span class='ocrx_word' id='word_1_123' title='bbox 986 2300 1091 2376; x_wconf 82' lang='grc' dir='ltr'><em>γαῖαν,</em></span> 
     </span>
    </p>

    <p class='ocr_par' dir='ltr' id='par_1_17' title="bbox 292 2397 1168 2483">
     <span class='ocr_line' id='line_1_21' title="bbox 292 2397 1168 2483; baseline 0.003 -20"><span class='ocrx_word' id='word_1_124' title='bbox 292 2402 360 2483; x_wconf 79' lang='grc' dir='ltr'><em>ὀψὲ</em></span> <span class='ocrx_word' id='word_1_125' title='bbox 382 2404 484 2474; x_wconf 82' lang='grc' dir='ltr'><em>κακῶς</em></span> <span class='ocrx_word' id='word_1_126' title='bbox 505 2401 607 2479; x_wconf 79' lang='grc' dir='ltr'><em>ἔλθοι,</em></span> <span class='ocrx_word' id='word_1_127' title='bbox 629 2400 748 2474; x_wconf 79' lang='grc' dir='ltr'><em>ὀλέσας</em></span> <span class='ocrx_word' id='word_1_128' title='bbox 769 2397 839 2463; x_wconf 76' lang='grc' dir='ltr'><em>ἄπο</em></span> <span class='ocrx_word' id='word_1_129' title='bbox 861 2401 990 2475; x_wconf 87' lang='grc' dir='ltr'><em>πάντας</em></span> <span class='ocrx_word' id='word_1_130' title='bbox 1015 2401 1168 2483; x_wconf 84' lang='grc' dir='ltr'><em>ἑταίρους,</em></span> 
     </span>
    </p>

    <p class='ocr_par' dir='ltr' id='par_1_18' title="bbox 293 2504 1136 2592">
     <span class='ocr_line' id='line_1_22' title="bbox 293 2504 1136 2592; baseline 0.004 -21"><span class='ocrx_word' id='word_1_131' title='bbox 293 2510 367 2592; x_wconf 89' lang='grc' dir='ltr'><em>νηός</em></span> <span class='ocrx_word' id='word_1_132' title='bbox 388 2509 442 2571; x_wconf 83' lang='grc' dir='ltr'><em>ἐπ’</em></span> <span class='ocrx_word' id='word_1_133' title='bbox 462 2507 639 2589; x_wconf 86' lang='grc' dir='ltr'><em>άλλοτρίης,</em></span> <span class='ocrx_word' id='word_1_134' title='bbox 661 2504 747 2589; x_wconf 76' lang='grc' dir='ltr'><em>εὕροι</em></span> <span class='ocrx_word' id='word_1_135' title='bbox 769 2508 797 2570; x_wconf 89' lang='grc' dir='ltr'><em>δ’</em></span> <span class='ocrx_word' id='word_1_136' title='bbox 811 2509 846 2570; x_wconf 84' lang='grc' dir='ltr'><em>ἐν</em></span> <span class='ocrx_word' id='word_1_137' title='bbox 866 2507 1008 2590; x_wconf 81' lang='grc' dir='ltr'><em>πήματα</em></span> <span class='ocrx_word' id='word_1_138' title='bbox 1030 2510 1136 2591; x_wconf 62' lang='lat' dir='ltr'>odaei«.</span> 
     </span>
    </p>

    <p class='ocr_par' dir='ltr' id='par_1_19' title="bbox 168 2613 1339 2805">
     <span class='ocr_line' id='line_1_23' title="bbox 251 2613 1339 2704; baseline 0.009 -25"><span class='ocrx_word' id='word_1_139' title='bbox 251 2616 341 2680; x_wconf 89' lang='lat' dir='ltr'>Haud</span> <span class='ocrx_word' id='word_1_140' title='bbox 367 2615 458 2678; x_wconf 92' lang='lat' dir='ltr'>dubie</span> <span class='ocrx_word' id='word_1_141' title='bbox 481 2615 587 2677; x_wconf 88' lang='lat' dir='ltr'>statim</span> <span class='ocrx_word' id='word_1_142' title='bbox 608 2613 682 2677; x_wconf 83' lang='lat' dir='ltr'>inihi</span> <span class='ocrx_word' id='word_1_143' title='bbox 705 2615 852 2678; x_wconf 84' lang='lat' dir='ltr'>concedes</span> <span class='ocrx_word' id='word_1_144' title='bbox 876 2617 1040 2681; x_wconf 87' lang='lat' dir='ltr'>verisirnile</span> <span class='ocrx_word' id='word_1_145' title='bbox 1063 2637 1139 2698; x_wconf 90' lang='lat' dir='ltr'>esse,</span> <span class='ocrx_word' id='word_1_146' title='bbox 1178 2621 1339 2704; x_wconf 71' lang='lat' dir='ltr'>Polyphe-</span> 
     </span>
     <span class='ocr_line' id='line_1_24' title="bbox 168 2721 1337 2805; baseline 0.009 -20"><span class='ocrx_word' id='word_1_147' title='bbox 168 2741 260 2801; x_wconf 84' lang='lat' dir='ltr'>muru,</span> <span class='ocrx_word' id='word_1_148' title='bbox 282 2723 335 2805; x_wconf 87' lang='lat' dir='ltr'><em>qui</em></span> <span class='ocrx_word' id='word_1_149' title='bbox 353 2723 391 2785; x_wconf 92' lang='lat' dir='ltr'>de</span> <span class='ocrx_word' id='word_1_150' title='bbox 406 2721 545 2785; x_wconf 88' lang='lat' dir='ltr'>omnibus</span> <span class='ocrx_word' id='word_1_151' title='bbox 565 2721 630 2785; x_wconf 88' lang='lat' dir='ltr'>deis</span> <span class='ocrx_word' id='word_1_152' title='bbox 649 2727 711 2784; x_wconf 87' lang='lat' dir='ltr'>tarn</span> <span class='ocrx_word' id='word_1_153' title='bbox 728 2721 897 2784; x_wconf 81' lang='lat' dir='ltr'>insolenter</span> <span class='ocrx_word' id='word_1_154' title='bbox 916 2723 1069 2803; x_wconf 86' lang='lat' dir='ltr'>loquatur,</span> <span class='ocrx_word' id='word_1_155' title='bbox 1092 2732 1128 2789; x_wconf 90' lang='lat' dir='ltr'>ut</span> <span class='ocrx_word' id='word_1_156' title='bbox 1148 2751 1158 2789; x_wconf 92' lang='grc' dir='ltr'><em>ι</em></span> <span class='ocrx_word' id='word_1_157' title='bbox 1175 2729 1337 2799; x_wconf 68' lang='lat' dir='ltr'>ana-78:</span> 
     </span>
    </p>

    <p class='ocr_par' dir='ltr' id='par_1_20' title="bbox 248 2807 1411 2914">
     <span class='ocr_line' id='line_1_25' title="bbox 248 2807 1411 2914; baseline -0.001 -23"><span class='ocrx_word' id='word_1_158' title='bbox 248 2827 361 2914; x_wconf 83' lang='grc' dir='ltr'><em>νήπιός</em></span> <span class='ocrx_word' id='word_1_159' title='bbox 383 2827 434 2906; x_wconf 84' lang='grc' dir='ltr'><em>εἰς,</em></span> <span class='ocrx_word' id='word_1_160' title='bbox 455 2816 481 2889; x_wconf 76' lang='grc' dir='ltr'><em>οἰ</em></span> <span class='ocrx_word' id='word_1_161' title='bbox 504 2826 590 2905; x_wconf 84' lang='grc' dir='ltr'><em>ξεῖν’,</em></span> <span class='ocrx_word' id='word_1_162' title='bbox 611 2823 632 2910; x_wconf 71' lang='grc' dir='ltr'><em>γ’γ’</em></span> <span class='ocrx_word' id='word_1_163' title='bbox 653 2821 796 2908; x_wconf 81' lang='grc' dir='ltr'><em>τηλόθεν</em></span> <span class='ocrx_word' id='word_1_164' title='bbox 818 2825 1019 2909; x_wconf 75' lang='grc' dir='ltr'><em>εἰλήλουθας,</em></span> <span class='ocrx_word' id='word_1_165' title='bbox 1408 2807 1411 2814; x_wconf 45' lang='grc'><em>’</em></span> 
     </span>
    </p>

    <p class='ocr_par' dir='ltr' id='par_1_21' title="bbox 246 2929 1041 3018">
     <span class='ocr_line' id='line_1_26' title="bbox 246 2929 1041 3018; baseline 0 -20"><span class='ocrx_word' id='word_1_166' title='bbox 246 2932 281 3009; x_wconf 90' lang='grc' dir='ltr'><em>ός</em></span> <span class='ocrx_word' id='word_1_167' title='bbox 301 2958 342 3015; x_wconf 93' lang='grc' dir='ltr'><em>με</em></span> <span class='ocrx_word' id='word_1_168' title='bbox 365 2935 465 3007; x_wconf 81' lang='grc' dir='ltr'><em>θεοός</em></span> <span class='ocrx_word' id='word_1_169' title='bbox 487 2933 592 2997; x_wconf 84' lang='grc' dir='ltr'><em>κέλεαι</em></span> <span class='ocrx_word' id='word_1_170' title='bbox 613 2930 635 3018; x_wconf 76' lang='grc' dir='ltr'><em>η’</em></span> <span class='ocrx_word' id='word_1_171' title='bbox 657 2929 844 3018; x_wconf 83' lang='grc' dir='ltr'><em>δειδίμενῆ</em></span> <span class='ocrx_word' id='word_1_172' title='bbox 865 2934 1041 2999; x_wconf 88' lang='grc' dir='ltr'><em>α’λέασθαι·</em></span> 
     </span>
    </p>

    <p class='ocr_par' dir='ltr' id='par_1_22' title="bbox 250 3038 1011 3122">
     <span class='ocr_line' id='line_1_27' title="bbox 250 3038 1011 3122; baseline 0 -18"><span class='ocrx_word' id='word_1_173' title='bbox 250 3041 288 3104; x_wconf 92' lang='grc' dir='ltr'><em>ου’</em></span> <span class='ocrx_word' id='word_1_174' title='bbox 309 3042 369 3122; x_wconf 88' lang='grc' dir='ltr'><em>γάρ</em></span> <span class='ocrx_word' id='word_1_175' title='bbox 392 3039 566 3114; x_wconf 80' lang='grc' dir='ltr'><em>Κύκλωπες</em></span> <span class='ocrx_word' id='word_1_176' title='bbox 585 3040 662 3114; x_wconf 83' lang='grc' dir='ltr'><em>Διός</em></span> <span class='ocrx_word' id='word_1_177' title='bbox 681 3038 823 3120; x_wconf 85' lang='grc' dir='ltr'><em>αἰγιόχου</em></span> <span class='ocrx_word' id='word_1_178' title='bbox 843 3041 1011 3122; x_wconf 82' lang='grc' dir='ltr'><em>άλέγουσιν</em></span> 
     </span>
    </p>

    <p class='ocr_par' dir='ltr' id='par_1_23' title="bbox 245 3137 1161 3231">
     <span class='ocr_line' id='line_1_28' title="bbox 245 3145 1161 3231; baseline 0.005 -20"><span class='ocrx_word' id='word_1_179' title='bbox 245 3149 323 3212; x_wconf 84' lang='grc' dir='ltr'><em>ου’δὲ</em></span> <span class='ocrx_word' id='word_1_180' title='bbox 344 3151 435 3212; x_wconf 82' lang='grc' dir='ltr'><em>θεῶν</em></span> <span class='ocrx_word' id='word_1_181' title='bbox 455 3145 619 3228; x_wconf 92' lang='grc' dir='ltr'><em>μακάρων,</em></span> <span class='ocrx_word' id='word_1_182' title='bbox 643 3147 715 3209; x_wconf 83' lang='grc' dir='ltr'><em>ε’πεί</em></span> <span class='ocrx_word' id='word_1_183' title='bbox 742 3170 759 3231; x_wconf 90' lang='grc' dir='ltr'><em>η</em></span> <span class='ocrx_word' id='word_1_184' title='bbox 784 3147 871 3210; x_wconf 81' lang='grc' dir='ltr'><em>πολιί</em></span> <span class='ocrx_word' id='word_1_185' title='bbox 894 3154 1044 3230; x_wconf 85' lang='grc' dir='ltr'><em>φέρτεροί</em></span> <span class='ocrx_word' id='word_1_186' title='bbox 1064 3148 1161 3231; x_wconf 86' lang='grc' dir='ltr'><em>εἰμεν.</em></span> 
     </span>
    </p>

    <p class='ocr_par' dir='ltr' id='par_1_24' title="bbox 163 3252 1120 3550">
     <span class='ocr_line' id='line_1_29' title="bbox 247 3252 1120 3339; baseline 0.001 -22"><span class='ocrx_word' id='word_1_187' title='bbox 247 3255 315 3317; x_wconf 75' lang='grc' dir='ltr'><em>οὐδ’</em></span> <span class='ocrx_word' id='word_1_188' title='bbox 335 3252 378 3317; x_wconf 82' lang='grc' dir='ltr'><em>άν</em></span> <span class='ocrx_word' id='word_1_189' title='bbox 398 3255 460 3334; x_wconf 83' lang='grc' dir='ltr'><em>ε’γω’</em></span> <span class='ocrx_word' id='word_1_190' title='bbox 480 3253 555 3326; x_wconf 91' lang='grc' dir='ltr'><em>Διός</em></span> <span class='ocrx_word' id='word_1_191' title='bbox 578 3255 675 3332; x_wconf 79' lang='grc' dir='ltr'><em>ἔχθος</em></span> <span class='ocrx_word' id='word_1_192' title='bbox 697 3252 897 3333; x_wconf 86' lang='grc' dir='ltr'><em>α’λευάμενος</em></span> <span class='ocrx_word' id='word_1_193' title='bbox 920 3257 1120 3339; x_wconf 88' lang='grc' dir='ltr'><em>πεφιδοίμην</em></span> 
     </span>
     <span class='ocr_line' id='line_1_30' title="bbox 165 3354 1112 3446; baseline 0.002 -21"><span class='ocrx_word' id='word_1_194' title='bbox 165 3363 225 3426; x_wconf 63' lang='lat'><em>278</em></span> <span class='ocrx_word' id='word_1_195' title='bbox 246 3357 321 3424; x_wconf 75' lang='grc' dir='ltr'><em>οὕτε</em></span> <span class='ocrx_word' id='word_1_196' title='bbox 343 3364 402 3424; x_wconf 82' lang='grc' dir='ltr'><em>σειῖ</em></span> <span class='ocrx_word' id='word_1_197' title='bbox 421 3354 496 3422; x_wconf 74' lang='grc' dir='ltr'><em>αὕθ’</em></span> <span class='ocrx_word' id='word_1_198' title='bbox 519 3358 653 3441; x_wconf 83' lang='grc' dir='ltr'><em>ἑτάρων,</em></span> <span class='ocrx_word' id='word_1_199' title='bbox 676 3358 706 3422; x_wconf 85' lang='grc' dir='ltr'><em>εἰ</em></span> <span class='ocrx_word' id='word_1_200' title='bbox 724 3360 770 3446; x_wconf 73' lang='lat' dir='ltr'><em>pur)</em></span> <span class='ocrx_word' id='word_1_201' title='bbox 792 3360 899 3441; x_wconf 86' lang='grc' dir='ltr'><em>θυμός</em></span> <span class='ocrx_word' id='word_1_202' title='bbox 917 3384 959 3441; x_wconf 95' lang='grc' dir='ltr'><em>με</em></span> <span class='ocrx_word' id='word_1_203' title='bbox 979 3362 1112 3427; x_wconf 83' lang='grc' dir='ltr'><em>κελειίοι.</em></span> 
     </span>
     <span class='ocr_line' id='line_1_31' title="bbox 163 3465 1020 3550; baseline 0 -18"><span class='ocrx_word' id='word_1_204' title='bbox 163 3469 213 3533; x_wconf 93' lang='lat' dir='ltr'>dei</span> <span class='ocrx_word' id='word_1_205' title='bbox 235 3469 369 3533; x_wconf 85' lang='lat' dir='ltr'>cuiusvis</span> <span class='ocrx_word' id='word_1_206' title='bbox 393 3468 487 3550; x_wconf 87' lang='grc' dir='ltr'><em>φίλον</em></span> <span class='ocrx_word' id='word_1_207' title='bbox 509 3465 582 3529; x_wconf 81' lang='grc' dir='ltr'><em>υἱόν</em></span> <span class='ocrx_word' id='word_1_208' title='bbox 605 3467 706 3548; x_wconf 90' lang='lat' dir='ltr'>putari</span> <span class='ocrx_word' id='word_1_209' title='bbox 730 3467 864 3531; x_wconf 88' lang='lat' dir='ltr'>noluisse</span> <span class='ocrx_word' id='word_1_210' title='bbox 886 3474 1020 3549; x_wconf 72' lang='lat' dir='ltr'>poetam.</span> 
     </span>
    </p>

    <p class='ocr_par' dir='ltr' id='par_1_25' title="bbox 161 3572 1329 4088">
     <span class='ocr_line' id='line_1_32' title="bbox 245 3572 1329 3661; baseline 0.006 -21"><span class='ocrx_word' id='word_1_211' title='bbox 245 3577 413 3640; x_wconf 88' lang='lat' dir='ltr'>Praeterea</span> <span class='ocrx_word' id='word_1_212' title='bbox 435 3593 509 3639; x_wconf 87' lang='lat' dir='ltr'>sane</span> <span class='ocrx_word' id='word_1_213' title='bbox 532 3592 589 3636; x_wconf 92' lang='lat' dir='ltr'><em>non</em></span> <span class='ocrx_word' id='word_1_214' title='bbox 612 3573 714 3657; x_wconf 83' lang='lat' dir='ltr'>potuit</span> <span class='ocrx_word' id='word_1_215' title='bbox 736 3572 812 3653; x_wconf 85' lang='lat' dir='ltr'>fieri,</span> <span class='ocrx_word' id='word_1_216' title='bbox 833 3581 869 3637; x_wconf 88' lang='lat' dir='ltr'>ut</span> <span class='ocrx_word' id='word_1_217' title='bbox 892 3575 1018 3639; x_wconf 87' lang='lat' dir='ltr'>deorurn</span> <span class='ocrx_word' id='word_1_218' title='bbox 1041 3577 1203 3659; x_wconf 72' lang='lat' dir='ltr'>quisquan]</span> <span class='ocrx_word' id='word_1_219' title='bbox 1227 3585 1329 3661; x_wconf 89' lang='lat' dir='ltr'>preci—</span> 
     </span>
     <span class='ocr_line' id='line_1_33' title="bbox 162 3679 1327 3762; baseline 0.006 -16"><span class='ocrx_word' id='word_1_220' title='bbox 162 3683 220 3747; x_wconf 89' lang='lat' dir='ltr'><em>bus</em></span> <span class='ocrx_word' id='word_1_221' title='bbox 232 3682 324 3751; x_wconf 89' lang='lat' dir='ltr'>huius</span> <span class='ocrx_word' id='word_1_222' title='bbox 338 3682 450 3759; x_wconf 83' lang='lat' dir='ltr'>nefasti</span> <span class='ocrx_word' id='word_1_223' title='bbox 461 3681 597 3762; x_wconf 83' lang='lat' dir='ltr'>portenti</span> <span class='ocrx_word' id='word_1_224' title='bbox 610 3679 815 3744; x_wconf 84' lang='lat' dir='ltr'>satisfaceret.</span> <span class='ocrx_word' id='word_1_225' title='bbox 837 3682 882 3744; x_wconf 88' lang='lat' dir='ltr'><em>Ac</em></span> <span class='ocrx_word' id='word_1_226' title='bbox 892 3700 924 3744; x_wconf 88' lang='lat' dir='ltr'>re</span> <span class='ocrx_word' id='word_1_227' title='bbox 936 3700 1008 3753; x_wconf 88' lang='lat' dir='ltr'>vera</span> <span class='ocrx_word' id='word_1_228' title='bbox 1018 3691 1110 3762; x_wconf 71' lang='lat' dir='ltr'>polita</span> <span class='ocrx_word' id='word_1_229' title='bbox 1124 3686 1153 3747; x_wconf 94' lang='lat' dir='ltr'><em>in</em></span> <span class='ocrx_word' id='word_1_230' title='bbox 1165 3689 1327 3754; x_wconf 89' lang='lat' dir='ltr'>erroribus</span> 
     </span>
     <span class='ocr_line' id='line_1_34' title="bbox 162 3785 1325 3875; baseline 0.007 -24"><span class='ocrx_word' id='word_1_231' title='bbox 162 3788 307 3852; x_wconf 87' lang='lat' dir='ltr'>librorurn</span> <span class='ocrx_word' id='word_1_232' title='bbox 327 3811 411 3868; x_wconf 79' lang='grc' dir='ltr'><em>κ-γι</em></span> <span class='ocrx_word' id='word_1_233' title='bbox 433 3787 595 3851; x_wconf 84' lang='lat' dir='ltr'>narrandis</span> <span class='ocrx_word' id='word_1_234' title='bbox 618 3785 708 3866; x_wconf 89' lang='lat' dir='ltr'>plane</span> <span class='ocrx_word' id='word_1_235' title='bbox 730 3786 843 3850; x_wconf 93' lang='lat' dir='ltr'>oblitus</span> <span class='ocrx_word' id='word_1_236' title='bbox 866 3805 933 3851; x_wconf 89' lang='lat' dir='ltr'>esse</span> <span class='ocrx_word' id='word_1_237' title='bbox 956 3789 1078 3853; x_wconf 89' lang='lat' dir='ltr'>videtur</span> <span class='ocrx_word' id='word_1_238' title='bbox 1098 3791 1220 3856; x_wconf 87' lang='lat' dir='ltr'>illorum</span> <span class='ocrx_word' id='word_1_239' title='bbox 1242 3813 1325 3875; x_wconf 86' lang='lat' dir='ltr'>quae</span> 
     </span>
     <span class='ocr_line' id='line_1_35' title="bbox 161 3890 1325 3986; baseline 0.006 -30"><span class='ocrx_word' id='word_1_240' title='bbox 161 3918 171 3956; x_wconf 92' lang='grc' dir='ltr'><em>ι</em></span> <span class='ocrx_word' id='word_1_241' title='bbox 192 3896 253 3959; x_wconf 87' lang='grc'><em>536</em></span> <span class='ocrx_word' id='word_1_242' title='bbox 276 3895 370 3959; x_wconf 82' lang='lat' dir='ltr'>dixit:</span> <span class='ocrx_word' id='word_1_243' title='bbox 401 3892 442 3968; x_wconf 76' lang='grc' dir='ltr'><em>(ὃς</em></span> <span class='ocrx_word' id='word_1_244' title='bbox 463 3894 556 3976; x_wconf 80' lang='grc' dir='ltr'><em>ἔφατ’</em></span> <span class='ocrx_word' id='word_1_245' title='bbox 577 3890 765 3973; x_wconf 81' lang='grc' dir='ltr'><em>εὐχόμενος,</em></span> <span class='ocrx_word' id='word_1_246' title='bbox 787 3897 855 3956; x_wconf 83' lang='grc' dir='ltr'><em>τοῦ</em></span> <span class='ocrx_word' id='word_1_247' title='bbox 875 3895 908 3956; x_wconf 89' lang='grc' dir='ltr'><em>δ’</em></span> <span class='ocrx_word' id='word_1_248' title='bbox 930 3895 1040 3959; x_wconf 82' lang='grc' dir='ltr'><em>ἔκλυε</em></span> <span class='ocrx_word' id='word_1_249' title='bbox 1059 3906 1325 3986; x_wconf 86' lang='grc' dir='ltr'><em>κυανοχαίτης,</em></span> 
     </span>
     <span class='ocr_line' id='line_1_36' title="bbox 161 3998 1181 4088; baseline 0.005 -23"><span class='ocrx_word' id='word_1_250' title='bbox 161 4002 215 4065; x_wconf 92' lang='lat' dir='ltr'>Ille</span> <span class='ocrx_word' id='word_1_251' title='bbox 238 4002 317 4064; x_wconf 86' lang='lat' dir='ltr'>enirn</span> <span class='ocrx_word' id='word_1_252' title='bbox 340 4002 423 4065; x_wconf 92' lang='lat' dir='ltr'>locus</span> <span class='ocrx_word' id='word_1_253' title='bbox 443 4005 595 4077; x_wconf 83' lang='grc' dir='ltr'><em>Νεκιιιάς,</em></span> <span class='ocrx_word' id='word_1_254' title='bbox 617 3998 635 4062; x_wconf 90' lang='grc' dir='ltr'><em>λ</em></span> <span class='ocrx_word' id='word_1_255' title='bbox 660 4000 712 4063; x_wconf 88' lang='grc'><em>101</em></span> <span class='ocrx_word' id='word_1_256' title='bbox 726 4018 767 4063; x_wconf 85' lang='lat' dir='ltr'><em>ss</em></span> <span class='ocrx_word' id='word_1_257' title='bbox 811 4001 960 4081; x_wconf 86' lang='lat' dir='ltr'>(Tiresias</span> <span class='ocrx_word' id='word_1_258' title='bbox 984 4004 1022 4065; x_wconf 88' lang='lat' dir='ltr'><em>ad</em></span> <span class='ocrx_word' id='word_1_259' title='bbox 1046 4003 1181 4088; x_wconf 84' lang='lat' dir='ltr'>Ulixem)</span> 
     </span>
    </p>

    <p class='ocr_par' dir='ltr' id='par_1_26' title="bbox 162 4106 1008 4195">
     <span class='ocr_line' id='line_1_37' title="bbox 162 4106 1008 4195; baseline 0.007 -25"><span class='ocrx_word' id='word_1_260' title='bbox 162 4109 222 4171; x_wconf 87' lang='grc'><em>100</em></span> <span class='ocrx_word' id='word_1_261' title='bbox 244 4107 362 4171; x_wconf 90' lang='grc' dir='ltr'><em>νόστον</em></span> <span class='ocrx_word' id='word_1_262' title='bbox 384 4109 488 4195; x_wconf 80' lang='grc' dir='ltr'><em>δίζηαι</em></span> <span class='ocrx_word' id='word_1_263' title='bbox 509 4108 670 4192; x_wconf 86' lang='grc' dir='ltr'><em>μελιηδέα,</em></span> <span class='ocrx_word' id='word_1_264' title='bbox 695 4106 823 4188; x_wconf 86' lang='grc' dir='ltr'><em>φαίδιμ’</em></span> <span class='ocrx_word' id='word_1_265' title='bbox 842 4107 1008 4176; x_wconf 84' lang='grc' dir='ltr'><em>Ὀδυσσεῦ.</em></span> 
     </span>
    </p>
   </div>
   <div class='ocr_carea' id='block_1_4' title="bbox 0 0 1500 4846">
    <p class='ocr_par' dir='ltr' id='par_1_27' title="bbox 0 0 1500 4846">
     <span class='ocr_line' id='line_1_38' title="bbox 0 0 1500 4846; baseline 0 5"><span class='ocrx_word' id='word_1_266' title='bbox 0 0 1500 4846; x_wconf 95' lang='lat' dir='ltr'><em> </em></span> 
     </span>
    </p>
   </div>
  </div>
 </body>
</html>
