2992 4846
816 307 859 382 36

338 504 421 582 Age,
451 503 509 564 iam
538 490 584 562 cle'
605 493 652 561 his
676 487 780 562 decem
802 497 876 561 locis
898 496 1050 578 copiosius
1073 496 1279 575 disseramus,
1311 504 1344 562 et
1367 495 1427 564 hoc

256 611 380 691 quidem
405 608 529 673 ordine:

666 716 693 774 0
724 711 783 774 104
824 729 853 791 p.
872 711 910 774 36
932 729 1001 794 sqq.

664 818 781 882 11491
825 837 854 898 p.
871 824 911 882 40
933 837 1004 900 sqq.

668 930 699 987 Τ
742 928 780 989 58

742 1034 781 1096 68
828 997 858 1059 p.
874 978 912 1041 47
935 994 1005 1059 sqq.

723 1141 781 1202 367
827 1155 855 1217 p.
872 1135 914 1199 54
934 1155 1003 1217 sqq.

665 1250 699 1308 X
747 1248 784 1307 10
828 1263 857 1325 p.
875 1242 913 1306 56
935 1262 1005 1324 sqq.

666 1376 688 1415 α
744 1356 784 1415 20
826 1370 855 1432 p.
874 1351 914 1414 70
936 1371 983 1433 sq.

668 1463 686 1537 ζ
725 1463 784 1523 330
826 1476 855 1538 p.
872 1457 913 1522 60
933 1477 1004 1540 sqq.

573 1568 744 1664 ⁴Praeterea
765 1571 795 1630 Ω
817 1569 856 1628 22
878 1570 910 1628 et
932 1571 971 1628 54
994 1583 1023 1645 p.
1045 1565 1085 1628 72
1106 1586 1153 1648 sq.
1297 1631 1298 1634 ,

337 1678 378 1741 At
398 1695 457 1740 nou
482 1675 584 1741 licebit
605 1676 634 1739 iu
654 1693 689 1738 eo
711 1693 759 1738 mc
779 1674 948 1752 continere,
972 1677 1008 1736 ut
1025 1671 1082 1736 bos
1105 1679 1225 1738 tantum
1245 1695 1369 1759 versuo,
1394 1682 1427 1745 iu

253 1785 363 1866 quibus
384 1788 567 1865 μενεαίνειν
589 1783 754 1859 invenitur,
777 1800 814 1844 ex
832 1779 938 1845 ordine
958 1779 1129 1861 illustrem,
1150 1781 1202 1846 sed
1225 1783 1320 1847 etiam
1347 1805 1426 1851 non-

253 1892 353 1956 nullos
384 1910 422 1955 ex
451 1891 507 1968 iis,
539 1889 719 1970 quibuscum
743 1889 921 1952 societatem
945 1887 1102 1965 coierunt,
1129 1889 1217 1952 simul
1241 1893 1425 1973 perquiram

253 2017 379 2063 necasse
401 1998 469 2062 erit.
512 1997 589 2061 Nam
614 2003 702 2060 vetus
724 2001 773 2059 est
794 1995 887 2076 illud,
917 1994 1006 2074 paria
1028 2010 1095 2058 cum
1124 1996 1251 2075 paribus
1273 1997 1426 2067 facillime

254 2106 445 2186 congregari.
488 2103 572 2168 Haec
594 2121 662 2168 mea
689 2105 829 2184 quamvis
853 2119 933 2182 vaga
954 2100 1100 2165 videatur
1123 2102 1313 2184 disceptandi
1338 2110 1426 2174 ratio

254 2232 292 2277 ne
314 2214 360 2278 cui
383 2212 491 2276 turbas
515 2211 608 2276 faciat
630 2229 706 2274 neve
727 2210 817 2274 nimis
838 2209 1044 2291 improbetur.

336 2314 448 2394 ltaque
471 2312 600 2393 primum
621 2315 866 2392 persolvero·
889 2312 1024 2377 occurrit
1045 2315 1075 2378 iu

774 2422 897 2482 0104:

256 2529 314 2589 100
336 2525 355 2607 ἦ
375 2527 436 2605 μὲν
455 2520 507 2604 c'r'p’
531 2522 572 2597 (ὃς
594 2522 736 2587 εἰποῦσα
755 2528 913 2602 καθέζετο
934 2523 1156 2615 πρτνιαἭρη,

336 2626 496 2714 (ὄχθησαν
516 2631 612 2694 δάνα
634 2631 729 2714 δῶμα
749 2633 824 2705 Διὸς
844 2636 929 2697 θεοί.
952 2632 971 2718 ἡ
993 2633 1205 2715 δ’ἐγέλαοσεν

336 2740 476 2819 χείλεσιν
496 2738 573 2802 οὐδὲ
593 2747 746 2819 μέτωπον
768 2737 942 2823 ἐπ’ὀφρύσι
962 2749 1135 2826 κυανέῃσιν

335 2845 569 2929 idirco-namo
591 2846 629 2909 δὲ
650 2851 898 2928 νεμεσσηθεῖσα
918 2846 1074 2930 μετηύδα.

169 2943 173 2952 ’
257 2955 311 3018 101
337 2953 516 3038 »ι’ήιτιοι,
539 2953 581 3016 οἳ
600 2954 699 3036 Ζηνὶ
721 2959 998 3036 μενεαίνομεν
1019 2956 1315 3039 οἷφρονεόντες.

333 3051 354 3148 ἧ
376 3062 424 3124 ἔτι
443 3083 500 3142 μιν
519 3068 671 3141 μέμαμεν
690 3053 945 3143 καταπανσέμεν
966 3051 1074 3127 ἆσσον
1095 3062 1199 3139 ἰόντες

334 3166 356 3253 ἢ
376 3171 449 3231 ἔπει
467 3167 504 3251 ἠὲ
526 3171 590 3251 βίῃ·
609 3167 628 3229 ὁ
650 3167 858 3253 δίἔφήμενος
879 3169 936 3232 οὐκ
957 3169 1093 3251 ἀλεγίζει
1172 3159 1175 3163 ’

334 3276 403 3338 οὐδ’
426 3270 554 3339 ὄθεται·
578 3275 679 3358 φησὶν
699 3276 759 3356 γάρ
781 3277 817 3339 ἐν
836 3276 1038 3341 ἀθανάτοισι
1060 3281 1189 3341 θεοῖσιν

333 3381 450 3464 κάρτεΐ
466 3405 502 3444 τε
526 3382 646 3447 σθένεΐ
664 3405 700 3443 τε
723 3382 889 3464 διακριδόν
910 3375 994 3447 εἶναι
1015 3380 1174 3466 ἄριοτοςι.

334 3490 428 3570 Juuo,
449 3494 484 3553 ut
502 3488 578 3554 haec
598 3488 694 3552 verba
712 3489 752 3553 ad
768 3491 840 3554 deos
859 3491 1026 3572 derigerct‚
1047 3492 1147 3569 minio,
1170 3510 1248 3573 quas
1268 3492 1421 3574 Juppiter

222 3609 226 3618 ·
253 3597 283 3661 iu
304 3597 359 3662 ida
390 3601 494 3660 monte
526 3614 634 3660 somno
664 3596 784 3660 solutus
806 3604 915 3663 contra
945 3615 1013 3662 eam
1042 3599 1230 3677 lactaverat,
1259 3608 1419 3666 commota

252 3709 309 3768 est.
348 3703 408 3767 Hic
428 3704 525 3783 igitur
546 3702 629 3767 locus
651 3709 738 3768 arcte
759 3703 904 3769 cohaeret
927 3722 995 3768 cum
1019 3723 1055 3768 ea
1073 3712 1164 3785 parte
1182 3705 1251 3769 libri
1272 3706 1311 3784 Ξ,
1336 3725 1419 3788 quae

253 3811 328 3885 Διὸς
345 3809 460 3894 α’πάτη
475 3810 651 3891 appellatur
667 3829 822 3894 quamque
840 3829 859 3874 a
878 3811 1048 3876 recentiore
1065 3812 1169 3895 aliquo
1186 3818 1279 3892 poeta
1298 3812 1417 3879 laetam

252 3936 320 3983 esse
343 3918 506 3983 verisimile
527 3926 575 3981 est
586 3918 622 3996 ¹).

338 4025 397 4091 Sed
422 4024 543 4104 singula
563 4025 717 4105 inspicere
739 4042 776 4086 ne
798 4025 1066 4104 supersccleamuS.

251 4145 466 4243 *crof-{a
486 4176 610 4230 moestum
629 4196 655 4246 p.
676 4173 735 4228 ιοο.
