2992 4846
724 272 764 334 28

244 444 308 509 Neo
330 444 388 510 hoc
411 446 499 512 satis.
542 446 621 511 Nam
646 466 674 511 v.
697 450 756 511 257
779 448 872 511 etiam
900 466 959 512 vox
986 456 1204 534 καμμονίη
1227 471 1265 516 ex
1291 460 1324 518 Ψ

163 553 218 613 661
244 557 369 632 sumpta
398 557 456 633 est,
485 552 536 617 ubi
566 557 650 618 recte
681 554 720 618 de
741 554 940 634 pugilatione,
972 556 1012 619 ad
1043 576 1135 639 quam
1158 559 1239 639 ¹haec
1263 580 1324 626 vox

160 659 283 739 proprie
313 663 450 740 spectat,
483 659 633 740 dicitur1).
684 661 718 724 In
742 666 774 723 Ψ
795 662 875 723 enirn
894 664 955 726 658
975 680 1017 727 ss,
1039 663 1176 729 Achilles
1199 666 1239 730 ad
1262 686 1322 748 pu·

163 764 341 844 giletionem
363 764 567 830 adhortatur:

266 871 421 956 »Ἀτρείδη
443 895 478 934 τε
499 873 553 935 καὶ
573 869 665 936 ἄλλοι
685 871 874 959 ἐυκνήμιδες
893 873 1017 953 Ἀχαιοί,

264 978 364 1059 α’νδρε
385 978 452 1042 δύω
474 980 550 1062 περὶ
571 979 674 1042 τῶνδε
696 978 878 1061 κελεύομεν,
900 977 927 1041 δι’
947 1004 1010 1064 περ
1026 980 1160 1065 α’ρίστω,

259 1086 327 1161 πδξ
346 1085 424 1168 μαλ’
443 1086 656 1168 ἀνασχομένω
678 1087 893 1170 πεπληγέμεν.
916 1076 945 1168 rp‘
965 1087 1005 1151 δέ
1020 1090 1047 1150 κ’
1067 1088 1229 1155 Ἀπόλλων

186 1197 240 1256 661
267 1192 334 1277 δώῃ
354 1201 605 1278 καμμονίην,
626 1191 751 1274 γνώωσι
771 1193 809 1256 δέ
831 1192 954 1268 πάντες
972 1196 1091 1275 Ἀχαιοί

257 1301 391 1382 ἡμίονον
411 1300 589 1382 ταλαεργδν
609 1296 698 1381 δι’γων
718 1301 883 1383 κλισίηνδε
904 1306 1042 1366 νεέσθω.
1082 1304 1085 1327 ”

258 1406 364 1487 αδτοῖρ
387 1406 405 1470 ὁ
426 1407 568 1490 νικηθεὶς
589 1406 692 1480 δέπας
713 1406 836 1472 οἴσεται
858 1407 1134 1490 α’μφικύπελλον.«

164 1511 241 1576 Turn
261 1513 366 1593 Epeus
388 1513 514 1593 quidam
538 1513 622 1576 solus
644 1514 784 1593 procedit
802 1513 860 1594 iile,
882 1515 934 1596 qui
953 1532 1064 1594 equum
1088 1515 1256 1582 Troianum
1281 1519 1296 1582 ί
1314 1556 1325 1568 -

164 1619 243 1683 cisse
271 1620 301 1683 in
323 1618 464 1701 Odyssea
485 1624 513 1682 ίέ
533 1623 593 1683 493
624 1627 656 1683 et
685 1620 785 1683 2523
815 1620 935 1685 dicitur.
972 1621 1013 1685 Et
1037 1640 1074 1685 ex
1098 1621 1238 1704 Odyssea
1268 1635 1327 1691 aut

164 1727 286 1806 egregie
296 1725 494 1790 fallimuraut
509 1726 597 1790 huius
611 1727 668 1789 viri
684 1744 794 1790 nomen
811 1727 842 1790 in
857 1727 981 1790 iliadem
998 1727 1120 1792 demum
1134 1730 1326 1796 translatum

163 1839 220 1912 est,
243 1833 322 1898 sicut
344 1852 381 1897 ex
401 1839 432 1897 Ψ
453 1851 510 1896 vox
531 1838 742 1914 καμμονίη
764 1835 793 1896 in
816 1839 857 1897 X.
1196 1906 1199 1911 ,

245 1941 345 2019 Pergo
362 1940 402 2004 ed
419 1959 447 2003 v.
459 1942 516 2003 261
534 1940 584 2004 ubi
604 1940 865 2023 σονημοσίνη
887 1948 934 2004 est
952 1939 1012 2004 δίπ.
1028 1941 1090 2022 λεν.
1107 1959 1144 2006 ao
1161 1961 1200 2006 ne
1220 1944 1325 2012 adiec-

162 2049 258 2112 tivum
274 2047 395 2129 quidem
413 2042 589 2121 δ’λαοτος
610 2047 652 2110 de
667 2065 849 2127 persona
871 2047 1023 2137 dioiurn
1046 2047 1240 2115 Homericum
1263 2063 1325 2134 est,

163 2154 245 2234 quod
268 2153 454 2217 adieetivum
484 2153 514 2216 in
538 2153 635 2217 Iliade
663 2160 788 2234 praeter
814 2153 894 2218 hunc
916 2153 1016 2218 locum
1038 2155 1131 2220 semel
1153 2175 1223 2221 oum
1246 2160 1324 2224 sub-

146 2261 302 2325 ·stentivo
326 2260 521 2324 coniunctum
546 2260 701 2324 invenitur
722 2263 764 2340 (Ω
784 2266 838 2325 105
862 2265 987 2334 πένθος
1006 2256 1153 2327 ἄλαστον
1175 2265 1326 2348 ἔχουσα).

163 2368 197 2432 In
220 2367 359 2447 Odyssea
383 2367 426 2431 sio
448 2367 580 2447 saepiuS,
600 2374 635 2431 ut
657 2390 678 2428 α
701 2370 759 2431 342
783 2390 807 2428 ω
821 2369 881 2431 423
902 2372 1027 2442 πένθος
1047 2363 1208 2446 ἄλαστονῑ
1229 2371 1325 2438 ‹5108

162 2472 240 2555 ἄχος
261 2469 408 2538 ἄλαστον
429 2480 462 2538 et
483 2474 551 2537 aliis
571 2472 673 2554 loeis).

246 2583 288 2645 At
317 2581 355 2644 de
377 2582 487 2646 11256
509 2580 669 2645 hactenus,
711 2581 774 2644 lam
806 2579 845 2644 od
868 2587 1059 2662 postremum
1093 2581 1178 2646 iilum
1209 2584 1326 2667 iocum,

162 2696 198 2754 X
209 2695 280 2767 401,
302 2689 353 2754 ubi
375 2688 524 2766 οἷεικίζειν
547 2705 654 2752 rursus
675 2687 813 2766 offendit,
836 2697 1049 2754 transeamus:

270 2786 292 2882 ἧ
311 2797 361 2879 ῥα,
383 2796 437 2858 καὶ
449 2793 587 2878 Ἕκτορα
609 2795 680 2858 δῖον
702 2795 813 2858 αἐικέα
833 2794 956 2880 μήδετο
978 2799 1062 2877 ἔργα.

260 2904 455 2987 ἀμφοτέρων
472 2900 660 2984 μετόπισθε
681 2902 793 2965 ποδῶν
814 2910 946 2985 τέτρηνε
968 2911 1097 2966 τένοντε

259 3012 291 3085 ἐς
312 3010 439 3093 σφορδν
459 3011 494 3072 ἐκ
516 3017 663 3093 πτέρνης,
685 3013 798 3091 βοέους
820 3009 849 3072 δ’
872 3010 1014 3094 ἐξῆπτεν
1035 3009 1183 3090 ἱμάντας,

259 3118 294 3180 ἐκ
314 3116 441 3199 δίφροιο
460 3115 490 3178 δ’
511 3115 618 3198 ἔδησε,
640 3115 722 3199 κάρη
744 3115 774 3179 δ’
795 3116 950 3180 ἕλκεσθαι
972 3118 1079 3180 ἔασεν·

265 3225 295 3297 ἐς
316 3223 433 3306 δίφρον
453 3223 482 3286 δ’
505 3223 641 3304 α’ναβδς,
663 3222 730 3285 οἶνοί
750 3246 786 3285 τε
806 3223 906 3287 κλοτοὶ
927 3223 1031 3304 τεύχε’
1052 3223 1171 3303 αἐίρας,

263 3330 422 3412 μάστιξέν
444 3331 471 3412 ῥ’
491 3328 601 3410 ε’λολαν,
621 3330 667 3392 τοί
688 3330 717 3392 δ’
738 3330 795 3393 οὐκ
816 3326 935 3393 δίκοντε
955 3334 1135 3412 πετέσθην.

263 3441 318 3500 τοῦ
336 3437 365 3499 δ’
383 3426 424 3524 ἢν
445 3437 625 3519 ἑλκομένοιο
648 3438 825 3517 κονίσαλος,
847 3437 935 3520 α’μιιὶ
958 3438 996 3500 δέ
1016 3440 1126 3518 χαῖται

265 3545 399 3608 κνοῖνεαι
420 3551 588 3625 πίτναντο,
610 3544 693 3629 κοτ’ρη
715 3545 744 3607 δ’
766 3543 858 3608 ἅπαν
879 3547 914 3608 ἐν
935 3551 1080 3629 κονίῃσιν

267 3657 355 3716 κεῖτο
376 3651 480 3733 πάρος
499 3656 620 3735 χαρίεν·
649 3651 725 3716 τότε
745 3651 782 3714 δὲ
806 3650 887 3724 Ζεδς
909 3652 1143 3732 δυσμενέεσσιν

184 3764 243 3823 404
267 3759 400 3822 δῶκεν
420 3759 742 3825 οἷεικίσσασδαί
761 3758 799 3843 ἑῇ
820 3759 856 3822 ἐν
875 3758 1010 3839 πατρίδι
1029 3764 1112 3841 γαίη.

236 3958 259 4024 1)
280 3956 748 4026 efr.K.Lehrsium1.1.p.105:
775 3962 915 4024 »καμμονίη
931 3973 987 4010 non
1014 3953 1100 4009 omnis
1123 3953 1238 4008 victoria
1269 3942 1323 4019 eet,

164 4042 210 4097 sed
229 4060 300 4111 quae
315 4046 429 4114 paratur
447 4045 545 4099 stando
564 4047 593 4098 ei
611 4040 794 4098 distinendo«

231 4131 258 4203 2)
278 4131 317 4184 De
335 4132 409 4208 Epeo
426 4131 456 4184 in
473 4130 560 4192 iliade
580 4131 627 4194 cfr.
648 4130 675 4192 Β,
688 4126 809 4181 Niesium
829 4127 847 4188 1,
866 4127 885 4183 l.
904 4144 929 4198 p.
951 4128 991 4182 62.
1012 4130 1041 4181 et
1059 4146 1084 4196 p.
1106 4128 1162 4182 193.
