2992 4846
801 937 828 1006 1.

410 1094 468 1179 De
499 1091 648 1179 Achille
676 1093 853 1179 Hectoris
881 1121 1018 1221 corpus
1043 1095 1221 1181 violente.

317 1257 456 1323 Verbum
474 1257 670 1340 αἐικίζειν,
690 1264 725 1323 ut
743 1258 813 1322 hinc
830 1257 1064 1340 proficiscamin
1086 1264 1116 1323 Ω
1136 1259 1185 1324 bis
1206 1264 1327 1324 tantum
1353 1261 1403 1324 in-

234 1365 366 1445 venitur,
390 1366 422 1429 in
443 1384 472 1430 v.
495 1369 533 1429 22
558 1370 591 1430 et
612 1371 661 1430 34.
1372 1359 1375 1364 ’

321 1470 400 1543 Ouid
423 1470 472 1536 his
493 1472 568 1537 lociS
591 1471 729 1551 intellegi
758 1470 833 1535 velit
861 1476 973 1552 poeta,
1004 1469 1203 1535 manifestum
1235 1477 1284 1536 est
1312 1490 1351 1536 ex
1372 1477 1402 1536 Ω

236 1576 387 1636 14—18:

293 1678 363 1742 ἄλλ’
393 1674 413 1742 ὅ
440 1681 466 1759 γ’
498 1677 572 1742 ἐπεὶ
605 1675 744 1755 ζεύξειεν
773 1674 828 1758 ὑφ’
860 1672 1006 1757 ἅρμασιν
1037 1674 1137 1750 ω’κέας
1168 1673 1298 1758 ἵππους,

284 1782 423 1868 Ἕκτορα
445 1785 474 1847 δ’
497 1784 654 1848 ἕλκεσθαι
675 1782 861 1867 δησάσκετο
882 1784 1000 1867 δίφρου
1022 1769 1180 1864 ὄπισθεν,

292 1891 359 1973 τρὶς
380 1893 410 1954 δ’
430 1890 549 1974 ἐρύσας
570 1890 645 1972 περὶ
669 1892 760 1976 σῆμα
780 1890 1006 1955 Μενοιτιάδαο
1028 1891 1191 1965 θανόντος

292 1989 384 2073 αότις
403 1999 452 2062 ε’νὶ
470 1998 576 2081 κλισίῃ
599 2005 792 2078 παυέσκετο,
814 1997 913 2061 τόνδε
932 1999 962 2061 δ’
985 2000 1111 2077 ἔασκεν,

292 2107 329 2170 ἐν
349 2103 420 2171 κόνι
441 2104 623 2178 ἐκτανύσας
644 2113 845 2189 προπρηνέα.

231 2212 468 2278 Dubitationem
515 2219 619 2277 movet
666 2198 762 2293 quod¹
797 2213 827 2276 in
871 2212 918 2276 his
960 2211 1101 2276 versibus
1144 2212 1205 2275 tria
1247 2212 1399 2278 iterativo
1471 2219 1475 2229 '

229 2325 413 2385 occurrunt:
436 2311 630 2402 δησάσκετο,
654 2326 851 2399 παυέσκετο,
874 2321 1001 2398 ἔασκεν,
1023 2318 1192 2400 exquibus
1214 2319 1274 2384 duo
1288 2319 1397 2400 priora

230 2427 287 2492 hoc
309 2433 431 2490 tuntum
459 2427 526 2491 loco
555 2425 738 2506 (παύεσκον
769 2426 902 2491 activum
930 2450 950 2507 χ
981 2427 1071 2507 313),
1101 2428 1218 2489 ἔασκεν
1247 2426 1341 2490 etiem
1365 2433 1398 2490 B

229 2539 307 2614 832,
334 2542 369 2596 Λ
393 2538 467 2614 330,
497 2537 613 2598 '1'295
642 2533 824 2598 invenimus.
861 2535 903 2597 nt
924 2533 1237 2598 animadvertendum
1267 2538 1333 2613 est,
1363 2541 1397 2598 B

228 2642 352 2706 ssi-4
387 2659 424 2704 ex
452 2646 487 2704 A
518 2643 660 2705 329—32
694 2641 865 2704 translatos
896 2658 981 2719 esse,
1017 2647 1049 2703 et
1080 2640 1121 2704 ad
1157 2646 1188 2703 Τ
1215 2613 1394 2706 iss-303

229 2748 385 2833 Heynium
408 2755 493 2813 recte
516 2748 673 2812 monuIsse
696 2747 842 2828 videri¹):
873 2746 1072 2828 Compositns
1095 2754 1141 2813 est
1162 2754 1245 2814 tolus
1266 2748 1355 2814 locus
1378 2771 1394 2815 e

224 2856 369 2936 flosculis
389 2855 580 2921 Homericis.

313 2965 378 3028 Iam
400 2978 472 3027 vero
495 2962 543 3027 his
565 2961 720 3026 iterativis
744 2979 851 3025 veram
874 2961 1007 3025 actionis
1037 2961 1234 3026 iterationem
1261 2962 1393 3044 exprimi

228 3070 340 3135 debere
372 3088 409 3134 ex
444 3068 518 3134 ἐπεὶ
550 3065 689 3147 ζεύξειεν
719 3069 764 3151 (v.
789 3068 842 3149 14)
876 3068 1112 3150 intellegitnr2).
1170 3070 1316 3133 Attamen
1353 3069 1393 3135 de

156 3196 176 3239 ο
228 3197 290 3242 uno
317 3182 437 3241 tantum
465 3177 515 3240 die
546 3175 676 3256 (ficitur,
705 3174 787 3256 quod
817 3176 878 3239 ium
905 3194 945 3246 ex,
970 3176 1230 3263 praecedentibus
1251 3175 1393 3241 versibus

227 3285 361 3368 (1-13)
384 3284 456 3348 mihi
479 3283 602 3371 videtur
623 3299 787 3364 apparere.
828 3282 974 3362 Legimus
997 3283 1078 3347 enim
1098 3288 1128 3347 Ω
1152 3288 1270 3346 1-13:

287 3391 365 3454 λῦτο
387 3391 415 3453 δ’
436 3390 533 3471 dytis,
554 3388 626 3454 λαοὶ
648 3389 686 3452 δὲ
707 3389 793 3463 nicole
814 3389 870 3453 ἐπὶ
891 3392 971 3472 νῆας
991 3389 1121 3453 ἔκαστοι

288 3497 470 3562 ἐσκίδναντ’
491 3496 582 3561 ἰέναι·
605 3496 655 3559 τοὶ
676 3500 737 3578 μὲν
756 3494 893 3580 δόρποιο
913 3496 1053 3577 μέδοντο

287 3601 394 3669 ὕπνου
414 3628 451 3666 τε
471 3604 625 3685 γλυκεροῦ
645 3603 861 3686 ταρπήμεναι·
884 3605 990 3687 αότοῖρ
1010 3602 1164 3685 Ἄχιλλεός

288 3713 380 3776 κλαῖε
402 3712 499 3794 φίλου
520 3710 637 3795 ἑτόρου
658 3719 869 3795 μεμνημένος,
893 3712 974 3776 ου’δέ
991 3735 1047 3794 μιν
1067 3709 1169 3786 όπνος

288 3817 357 3904 ᾔρει
380 3817 617 3901 πανδαμάτωρ,
640 3818 710 3883 ἀλλ’
730 3818 897 3902 ἐστρέφετ’
917 3821 1004 3883 ἔνθα
1023 3820 1077 3883 καὶ
1100 3821 1186 3883 ἔνθα

229 3946 422 3956 -ι--

314 4004 339 4070 l)
360 4003 436 4057 Tom.
450 4001 525 4056 VIII.
538 4000 597 4055 668.

310 4089 338 4158 2)
358 4089 447 4144 Aliler
464 4105 531 4143 sane
548 4087 588 4141 Le
600 4086 722 4141 Rochiuu
739 4086 786 4141 sed
804 4086 853 4140 cfr.
872 4087 904 4142 n
915 4087 1159 4158 Reppmuellerum
1179 4090 1197 4144 l.
1210 4092 1228 4147 l.
1238 4113 1266 4166 p.
1276 4097 1310 4150 26
1320 4093 1389 4152 Not.
