2992 4846
716 299 758 363 54

81 542 88 551 ,
161 479 400 542 ostendisse
424 477 518 540 mihi
539 477 698 559 videor,
721 483 764 540 ut
785 495 802 539 a
824 478 1057 558 posteriore
1080 480 1219 561 alique
1240 483 1322 547 imi-

161 589 296 648 tatore
318 603 402 648 eum
424 592 552 647 ortum
577 601 666 647 esse
688 589 779 647 tuto
801 583 1024 649 credamus.

242 692 334 772 Atqui
366 692 396 754 in
428 689 505 752 libro
538 693 569 750 T
593 689 671 753 alius
703 708 827 773 quoque
860 709 967 754 versus
999 676 1159 772 superest}
1194 695 1225 757 in
1262 714 1322 775 quo

158 802 339 879 μενεαίνειν
360 797 440 860 idem
471 795 545 859 illud
577 797 690 859 iratum
722 815 790 860 esse
812 797 972 877 significet.
1015 799 1057 862 Et
1077 801 1108 862 in
1133 820 1169 863 eo
1191 801 1323 880 quidem

158 905 347 968 imitatorem
369 901 512 968 facillime
535 919 768 983 cognoscemus3
794 911 844 966 est
865 911 967 968 autem
987 925 1015 969 v.
1040 911 1108 970 367.

684 1025 715 1082 Τ
731 1025 790 1082 367

241 1126 375 1192 Achilles
397 1143 484 1189 arma
508 1126 609 1190 induit
628 1132 736 1190 contra
759 1127 910 1191 Troianos
931 1134 1143 1208 pugnaturus:

160 1255 186 1298 v.
211 1239 269 1297 364
290 1269 333 1278 -
355 1235 390 1296 ἐν
411 1233 449 1295 et
469 1241 597 1314 μέσοισι
617 1232 796 1315 κορύσσετο
818 1234 886 1307 δῖος
906 1234 1066 1314 Ἀχιλλεύς.

290 1345 347 1404 365
370 1343 429 1402 τού
449 1340 502 1401 καὶ
524 1338 670 1403 ὀδόντων
690 1345 751 1422 μὲν
772 1341 897 1428 καναχή
919 1341 1007 1421 πέλε,
1030 1341 1076 1403 τιό
1098 1342 1136 1404 δέ
1156 1339 1186 1402 οἱ
1206 1335 1295 1404 όσσε

368 1447 570 1529 λαμπέσθην
591 1446 631 1520 οἷς
653 1447 688 1510 εἴ
703 1471 738 1509 τε
760 1449 892 1529 πυρός
913 1449 1050 1527 σέλας,
1073 1449 1109 1511 ἐν
1130 1449 1170 1511 δέ
1189 1447 1222 1510 οἵ
1242 1438 1325 1532 ἦτορ

292 1558 349 1616 367
371 1554 441 1616 δῦν’
455 1550 532 1633 άχος
551 1549 700 1639 ἄτλητον·
733 1554 750 1617 ό
773 1554 801 1617 δ’
819 1551 885 1637 άρα
905 1556 1066 1636 Τρωσίν
1087 1560 1326 1636 μενεαίνων

291 1664 349 1724 368
372 1661 489 1724 δυσετο
513 1662 601 1743 δῶρα
623 1665 715 1740 θεοῦ,
737 1661 779 1724 τά
804 1660 834 1723 οἵ
846 1659 1029 1744 Ἥφαιστος
1049 1661 1134 1743 κάμε
1155 1660 1296 1742 τεύχων.

208 1769 265 1832 369
288 1767 445 1850 κνημῖδας
462 1772 523 1848 μὲν
543 1771 658 1849 πρῶτα
680 1769 754 1849 περὶ
778 1766 937 1853 κνήμῃσιν
959 1771 1078 1851 ἔθηκεν

287 1874 395 1954 καλάς,
417 1874 615 1957 άργυρέοισιν
634 1876 836 1957 ἐπισφυρίοις
857 1875 1021 1957 άραρυίας·

205 1986 258 2046 371
285 1979 437 2061 δεύτερον
457 1972 501 2045 αύ
522 1978 656 2064 θιόρηκα
677 1982 752 2062 περὶ
774 1979 960 2066 στήθεσσιν
984 1982 1114 2046 ἔδυνεν,

287 2090 374 2172 α’μφῐ
397 2090 426 2150 δ’
446 2086 499 2171 ἄρ’
520 2084 656 2170 ὤμοισιν
674 2089 796 2170 βάλετο
817 2092 909 2171 ξίφος
930 2088 1124 2172 ἀργυρόηλον

207 2201 265 2258 373
285 2194 431 2275 χάλκεον*
464 2196 570 2277 αύτάρ
588 2198 702 2258 ἔπειτα
725 2194 822 2268 σάκος
841 2203 922 2277 μέγα
943 2218 979 2256 τέ
999 2195 1158 2278 στοκαρόν
1176 2220 1214 2259 τε

201 2305 260 2367 374
283 2299 393 2380 εἵλετο,
413 2306 471 2366 τοῦ
491 2303 707 2366 δ’άπάνευθε
731 2301 853 2375 σε’λας
872 2301 970 2383 γένετ’
988 2282 1065 2389 ήύτε
1088 2302 1198 2387 μήνης.

281 2408 321 2483 ιός
343 2407 428 2474 δ’ότ’
448 2408 491 2474 άν
512 2411 547 2473 ἐκ
568 2408 701 2471 πόντοιο
723 2408 846 2483 σέλας
868 2407 1005 2492 ναύτῃσι
1026 2409 1135 2495 φανήῃ

281 2524 495 2598 καιομένοιο
517 2514 644 2596 πυρός·
677 2516 714 2577 τό
736 2516 773 2578 δὲ
792 2520 944 2579 καίεται
962 2514 1069 2602 ὑψόθ’
1086 2508 1226 2598 όρεσφιν

281 2627 424 2706 σταθμῷ
445 2625 480 2686 ἐν
502 2622 651 2704 οἰοπόλῳ·
683 2623 758 2696 τούς
776 2622 805 2684 δ’
825 2623 885 2685 ου’κ
905 2623 1080 2696 ἐθέλοντας
1100 2620 1215 2687 ἄελλαι

280 2730 402 2794 πόντον
423 2731 475 2793 ἐπ’
492 2728 671 2810 ἰχθυόεντα
694 2728 797 2811 φίλων
818 2728 995 2792 άπάνευθε
1018 2739 1179 2812 φέρουσιν.

281 2836 383 2900 ω’άπ’
403 2836 557 2921 Ἀχιλλῆος
578 2835 693 2909 σάκεος
717 2835 839 2908 σέλας
859 2834 967 2917 αἰθέρ’
989 2834 1097 2899 ἵκανεν

201 2934 260 3010 386
281 2944 381 3007 καλοῦ
400 2943 580 3006 δαιδαλέου.
624 2943 699 3023 περὶ
723 2943 760 3004 δὲ
779 2941 978 3024 τρυφάλειαν
999 2942 1110 3025 άείρας

280 3052 372 3132 κρατὶ
394 3055 475 3113 θέτο
495 3047 639 3134 βριαρήν·
682 3050 703 3131 η’
724 3049 753 3111 δ’
773 3049 907 3134 άστήρ
929 3047 975 3123 ὥς
996 3050 1256 3131 άπέλαμπεν

157 3159 260 3336 {382
283 3157 435 3238 ἵππουρις
455 3157 647 3239 τρυφάλεια,
669 3161 896 3238 περισσείοντο
918 3156 947 3218 δ’
966 3158 1091 3237 ἔθειραι

202 3273 260 3338 383
279 3272 423 3353 χρύσεαι,
445 3271 484 3345 ἃς
495 3270 679 3353 Ἥφαιστος
701 3269 742 3334 ἵει
761 3268 866 3353 λόφον
887 3269 974 3352 άμφὶ
994 3270 1145 3352 θαμειάς.

279 3378 423 3465 πειρήθη
446 3379 475 3439 δ’
492 3378 525 3440 ἐο
547 3377 648 3441 αύτού
670 3379 705 3440 ἐν
725 3379 831 3440 ἐντεσι
852 3378 919 3449 δῖος
942 3375 1107 3458 Ἀχιλλεύς,

278 3485 308 3548 εί
331 3477 366 3549 οἷ
382 3484 605 3567 ἐφαρμόσσειε
626 3485 679 3546 καὶ
703 3486 843 3566 ἐντρέχοι
865 3483 970 3564 άγλαά
991 3487 1074 3563 γυῖα·

278 3595 323 3674 τῷ
344 3593 373 3653 δ’
394 3582 468 3656 εύτε
490 3592 594 3673 πτερά
615 3591 736 3671 γίγνετ’,
760 3586 852 3671 άέιρε
873 3590 910 3652 δέ
931 3597 1071 3670 ποιμένα
1091 3588 1186 3652 λαιόν.

279 3701 315 3762 ἐκ
335 3699 364 3762 δ’
387 3697 452 3780 άρα
472 3696 614 3778 σύριγγος
632 3695 796 3778 πατρώιον
817 3695 982 3760 ἐσπάσατ’
1004 3697 1099 3774 ἔγχος,

201 3805 260 3871 388
282 3805 381 3887 βριθό
404 3811 485 3885 μέγα
507 3801 671 3884 στιβαρόν.
702 3804 740 3865 τό
761 3806 822 3884 μὲν
844 3801 883 3865 ού
904 3801 1016 3864 δύνατ’
1036 3799 1134 3874 άλλος
1153 3802 1288 3880 Ἀχαιῶν·

201 3916 260 3978 389
281 3911 427 3990 πάλλειν,
450 3908 534 3974 α’λλά
555 3932 611 3990 μιν
632 3900 696 3982 οἶος
718 3910 877 3972 ἐπίστατο
900 3908 1001 3995 πῆλαι
1022 3906 1185 3988 Ἀχιλλεύς,
1314 3980 1319 3989 ,

203 4024 261 4084 390
281 4016 434 4100 Πηλιάδα
454 4016 582 4099 μελίην,
604 4016 663 4099 τήν
682 4015 781 4094 πατρὶ
803 4015 885 4095 φιλρῖ
906 4013 989 4096 πόρε
1012 4019 1139 4096 Χείρων

202 4127 259 4190 391
282 4125 406 4207 Πηλίου
426 4125 461 4186 ἐκ
482 4125 629 4208 κορυφῆς,
652 4120 754 4203 φόνον
775 4122 912 4202 ἔμμεναι
933 4120 1103 4208 ήριόεσσιν.
1215 4104 1218 4111 ’
