2992 4846
721 257 761 314 27

261 425 328 509 δώῃ
351 434 541 512 καμμονίην,
565 429 626 515 σήν
645 430 683 493 δὲ
705 431 816 518 ψυχὴν
836 431 1019 514 α’φέλωμαι·

261 535 330 598 ἄλλ’
353 537 426 598 ἐπεὶ
447 532 490 618 ἄρ
510 545 549 599 κέ
568 556 606 601 σε
630 537 762 622 συλήσω
782 539 882 602 κλειτοὶ
905 537 1011 618 τεύχε’
1030 536 1177 617 Ἀχιλλεῦ,
1215 590 1231 606 ,.
1306 560 1310 606 ·.

180 649 239 707 ano
261 643 375 725 νεκρόν
391 644 562 724 Ἀχαιοῖσιν
584 643 679 709 δώσω
701 644 810 709 πάλιν.
853 644 894 719 ὥς
916 646 953 708 δὲ
974 645 1015 709 σύ
1038 646 1165 725 ρἐειν.<<
1227 636 1236 694 f

243 751 335 814 Hisce
356 751 457 829 verbis
479 751 597 816 Hector
619 753 729 817 Achilli
761 755 934 834 pactionem
963 753 1140 834 proposuit,
1172 756 1207 841 ut
1238 754 1322 811 uter·
1397 815 1400 822 .

161 876 283 939 cunque
305 877 341 921 ex
365 861 533 921 certamine
552 860 651 923 victor
673 860 876 939 discessisset,
897 860 1026 923 alterius
1043 877 1155 939 corpus
1172 844 1321 938 sepelien-

161 968 233 1028 ‹lum
255 966 405 1029 traderet.
450 966 582 1029 Achilles
606 972 709 1030 autem
733 965 793 1030 hoc
814 969 841 1031 ei
864 967 1000 1046 denegat
1023 967 1064 1047 (v.
1087 963 1180 1047 26¹)ss

255 1069 379 1152 Ἕκτορ,
400 1070 444 1157 μή
461 1095 526 1153 μοι,
547 1069 683 1153 ἄλαστε,
707 1073 935 1157 συνημοσύνας
955 1072 1098 1155 α’χόρενε·

246 1205 284 1267 Et
315 1205 448 1283 primum
476 1205 600 1287 quinem
628 1205 937 1270 animadvertendum
967 1212 1016 1270 est
1037 1205 1179 1269 versibus
1201 1207 1261 1265 254
1283 1218 1323 1263 ss.

162 1311 304 1390 exemplo
334 1309 429 1375 fuisse
457 1311 858 1387 viderive1·susH76ss.,
892 1313 945 1393 qui
977 1313 1007 1375 in
1038 1330 1141 1392 pugna
1172 1307 1322 1388 singulari

161 1418 266 1480 Aiacis
290 1425 321 1480 et
346 1417 491 1481 Hectoris
512 1418 669 1498 leguntur.
713 1420 884 1483 Praeterea
906 1425 1009 1482 autern
1035 1424 1066 1482 ct
1088 1418 1164 1482 haec
1186 1415 1323 1494 singula·

160 1525 208 1587 ria
231 1526 428 1589 memoranda
446 1532 478 1589 et
500 1525 718 1606 perpendenda
741 1533 823 1591 sunt.

245 1633 279 1695 lu
294 1634 485 1696 uenim250
509 1631 730 1719 φοβήσομαι
751 1651 817 1697 cum
839 1633 1014 1696 accusativo
1038 1633 1103 1711 (σε)
1127 1632 1321 1694 coniunctum

162 1748 221 1818 est,
244 1741 333 1820 quasi
348 1745 530 1822 φοβεῖσθαι
545 1740 734 1820 signiticaret
756 1742 899 1804 timore
919 1739 1100 1820 (Aristonic.
1117 1738 1138 1821 ἦ
1154 1737 1255 1823 διπλῆ
1276 1733 1326 1800 ὅτι

163 1851 277 1929 σαφῶς
300 1846 483 1930 φεύξομαι),
505 1848 585 1928 apnrl
605 1848 772 1910 Homerum
793 1855 897 1910 aretem
921 1850 1103 1928 φοβεῖσθαι
1123 1862 1245 1923 semper
1266 1842 1322 1906 lu·

162 1956 298 2034 gienrli
328 1957 483 2018 notionem
511 1953 650 2035 habct¹).
694 1955 800 2034 Neque
830 1955 944 2019 dicitur
971 1954 1029 2016 nisi
1053 1956 1235 2035 φοβεῖσθαι
1258 1949 1325 2012 ὑπό

161 2085 257 2139 τινος,
281 2061 355 2124 ὑπό·
367 2085 429 2124 τινι
451 2062 496 2125 vel
519 2062 668 2126 absolute.
696 2100 699 2105 ·

248 2192 362 2257 Contra
386 2195 426 2257 in.
448 2215 475 2257 v.
497 2195 553 2258 251
580 2193 708 2258 verbum
733 2195 752 2255 δ
760 2198 834 2256 ιἐιν
857 2192 1012 2271 ‚fugere‘
1049 2191 1095 2274 (h.
1118 2198 1139 2253 t.
1164 2190 1196 2263 l.)
1227 2187 1325 2267 signi·

165 2299 251 2378 fleat,
271 2318 330 2363 nou
355 2301 385 2362 id
412 2301 492 2381 quorl
515 2302 594 2365 solet
617 2301 778 2376 ,timere‘
802 2302 906 2380 (1433.
929 2306 963 2361 Λ
976 2302 1044 2362 557.
1066 2303 1096 2360 P
1113 2296 1184 2361 666.
1205 2301 1236 2357 Ε
1254 2293 1323 2356 566.

162 2406 294 2489 χ96)2).
330 2408 369 2471 lt
389 2415 471 2472 recte
489 2410 549 2472 iarn
564 2408 709 2489 Heyneus
731 2409 859 2486 monuit,
885 2406 1064 2471 vv.⁶l5l-3
1087 2409 1248 2483 suspectos
1270 2401 1324 2463 ha·

161 2515 283 2578 baudus
305 2516 412 2593 essai).

251 2622 346 2685 Porro
369 2623 399 2685 iu
428 2644 455 2685 u.
479 2624 537 2685 255
560 2620 808 2701 ἁρμονιάων,
831 2620 912 2702 quorl
933 2625 1057 2702 pactum
1075 2616 1241 2698 significat,
1263 2612 1325 2676 aa.

164 2730 229 2809 λεγ.
251 2736 307 2793 est.
351 2729 474 2794 Scilicet
495 2731 526 2792 in
549 2729 690 2810 Odyssea
713 2752 728 2790 ε
751 2732 819 2792 248,
843 2730 899 2792 361
925 2727 1032 2791 eadem
1060 2745 1118 2789 vox
1149 2726 1324 2788 iuncturam

165 2837 260 2916 valet,
282 2854 372 2917 quem
395 2836 496 2900 locum
517 2835 733 2916 inspiciamus:

250 2945 343 3007 alell
366 2942 485 3025 (Ulixes
509 2953 608 3007 ratem
632 2943 756 3026 struit):

270 3049 445 3134 γόμφοισιν·
466 3051 495 3113 ‹l’
513 3049 578 3135 ἄρα
598 3051 658 3138 τήν
679 3074 713 3131 γε
733 3052 787 3114 καὶ
805 3051 1061 3133 αρμονιῇσιν
1084 3042 1242 3126 ἄρασσεν,

167 3163 243 3226 itam
268 3184 283 3221 ε
306 3164 362 3224 atil
387 3159 509 3239 (Ulixes
532 3159 725 3239 naufragium
747 3159 854 3231 faciti:

272 3262 347 3349 r'icpp’
368 3265 410 3329 ἄν
432 3275 493 3348 μέν
514 3290 569 3329 κεν
592 3265 722 3346 δούρατ’
744 3267 778 3328 ἐν
799 3266 822 3327 οἶ
830 3289 847 3346 ρ
855 3267 1054 3347 μονιῇσιν
1075 3259 1188 3344 α’ρῆρῃ,

270 3373 364 3457 τόφρ’
386 3374 488 3438 αὐτοῦ
508 3382 612 3458 μενέω
634 3375 688 3436 καὶ
706 3372 867 3457 τλήσομαι
888 3369 988 3453 ἄλγεα
1011 3368 1158 3449 πάσχων.

256 3481 363 3562 oricola
386 3482 471 3568 ἐπήν
494 3483 534 3566 δή
556 3506 610 3563 μοι
632 3482 765 3563 σχεδίην
788 3480 843 3542 δια
865 3483 952 3560 κῦμα
973 3477 1096 3561 τινάξῃ,

267 3590 387 3671 ννξομζ
403 3590 483 3668 ,ἐπεὶ
506 3586 544 3652 οὐ
566 3598 627 3670 μέν
651 3612 680 3651 τι
702 3587 795 3668 τιάρα
815 3590 995 3669 προνοῆσαι
1015 3581 1159 3671 ἄμεινον.

167 3720 241 3727 ---
245 3720 362 3726 ..—.-—-

243 3775 266 3839 l)
286 3772 339 3827 Cfr.
358 3773 390 3826 K.
403 3773 495 3828 Lehra.
514 3773 552 3826 De
571 3771 723 3826 Aristarchi
743 3769 841 3824 studiis
859 3769 967 3823 Homer.
991 3767 1056 3822 edit.
1075 3765 1110 3818 lli
1129 3785 1155 3835 p.
1173 3763 1213 3815 75.
1313 3795 1317 3803 ·

239 3860 268 3924 2)
288 3859 341 3913 Cir.
361 3860 449 3914 Schol.
471 3859 536 3929 δίον]
555 3861 595 3910 ὅτι
615 3861 641 3909 no*
661 3859 714 3909 δίον
731 3858 869 3924 ε’διώχθην.

239 3956 266 4022 3)
285 3956 338 4012 Ofr.
358 3967 420 4005 eum
441 3948 475 4000 ad
496 3965 520 4000 v.
538 3946 601 3999 253:
629 3944 770 4013 »Suspicor
786 3948 878 3998 tamen
897 3942 946 3996 hos
963 3955 1072 4008 quoque
1091 3941 1147 3992 tres
1162 3951 1251 3989 versus
1269 3934 1329 4003 251,

169 4052 195 4107 2.
216 4053 240 4104 3.
266 4046 301 4100 ab
319 4043 352 4096 iis
371 4041 477 4101 insitos.
501 4039 548 4107 qui
568 4038 651 4093 semel
670 4035 823 4092 intulerunt
841 4035 932 4085 ternos
951 4047 1043 4085 oureus
1066 4027 1137 4083 circa
1156 4029 1259 4083 urbem.
1296 4031 1330 4093 cf,

169 4139 206 4195 ad
225 4154 263 4190 vs.
285 4133 340 4186 162.
364 4131 435 4187 Ι6Ξ).«
