2992 4846
733 327 750 386 ὃ

162 499 193 562 in
217 497 382 562 Hectorem
413 455 445 563 et
473 500 551 564 alios
573 501 726 567 Troianos
752 503 904 567 furentem
928 502 1017 582 facit,
1049 503 1129 584 quod
1153 490 1323 570 accidu'ab

165 605 392 668 undevicesimo
423 607 547 670 circiter
574 606 654 672 libro
685 627 783 690 usque
813 611 854 674 ad
884 611 1000 674 exitum
1029 611 1142 685 Iliadis.
1191 612 1325 696 Deque

164 730 245 775 nova
267 711 313 775 ira
336 712 421 793 quod.
440 714 629 793 prooemium
648 717 680 778 in
702 716 826 780 Anihil
847 717 931 796 dicit,
957 717 1095 783 dubitari
1110 707 1225 800 potest,
1248 741 1323 787 uum
1352 799 1353 803 Ἰ
1410 752 1427 781 r
1466 765 1470 773 ·

163 819 329 882 abeodem
348 802 451 900 poeta,
475 822 527 901 qui
545 822 649 902 priore
664 824 929 902 carminafecerit,
953 824 1324 906 etiamposteriorafacta
1409 807 1414 814 ⁸
1449 848 1467 892 ῃ

164 927 237 990 sint.
282 926 361 990 Nam
384 928 523 1008 profecto
547 947 607 992 non
632 929 691 993 uisi
715 930 753 993 de
778 930 831 993 illa
853 931 1048 1014 dulichium,
1073 950 1111 997 ex
1130 950 1191 1015 qua
1202 935 1327 1000 Achivis

165 1033 263 1097 multa
286 1035 367 1097 mela
389 1041 459 1098 orte
482 1041 602 1114 essent,
632 1042 743 1116 po'e'tae
765 1036 867 1101 dicere
886 1037 1077 1118 propositum
1100 1046 1177 1104 erat.
1222 1041 1263 1106 Et
1281 1043 1326 1106 ita

164 1159 240 1204 sane
263 1141 414 1221 Georgius
431 1141 559 1207 Grotius
582 1143 718 1207 carmine
743 1149 774 1207 Ψ
792 1134 871 1208 οῑΩ
892 1142 1107 1210 additamenta
1128 1165 1196 1212 esse
1217 1148 1327 1231 voluit,

166 1265 353 1328 quamquam
377 1249 416 1312 eb
439 1249 544 1312 eodem
564 1257 657 1331 poeta
674 1250 756 1316 facta
778 1270 847 1316 esse
866 1270 958 1333 posse
973 1269 1033 1316 non
1052 1259 1146 1334 negat
1156 1255 1188 1333 ¹).
1230 1255 1328 1320 Lech·

165 1372 299 1419 mannus
322 1363 422 1419 nutem
447 1375 544 1438 usque
566 1376 584 1421 a
606 1364 649 1439 Σ,
678 1357 808 1423 Wolfius
839 1377 938 1439 usque
966 1378 986 1423 a
1010 1365 1041 1423 Τ
1060 1361 1163 1424 omnia
1184 1361 1244 1426 iam
1267 1380 1326 1426 non

165 1461 331 1527 Homerica·
348 1481 415 1526 csse
439 1463 536 1527 videri
557 1451 882 1546 existimaveruntlt'
902 1467 960 1530 Alii
975 1467 1190 1548 aliasuspecta
1202 1468 1328 1535 hebent,

249 1570 313 1633 lem
337 1590 408 1634 vero
432 1589 538 1650 νοοεε,
562 1572 673 1653 quibus
694 1572 850 1638 Homerus
872 1574 904 1636 in
927 1574 1028 1637 altera
1050 1580 1139 1657 parte
1164 1576 1268 1642 Iliadis
1291 1578 1329 1642 de

166 1677 214 1740 ire
234 1676 360 1742 Achillis
383 1679 494 1756 utitur,
516 1678 652 1744 breviter
672 1681 930 1761 perstringamus

248 1784 385 1848 Primum
409 1784 544 1849 Achilles
565 1786 632 1866 ipse
653 1786 808 1853 Patrocle
828 1787 990 1853 interfecto
1014 1806 1048 1852 se
1070 1789 1199 1874 Hectori
1221 1789 1328 1854 Troia-

167 1893 277 1972 nisque
298 1893 409 1956 iratum
432 1910 501 1956 esse
524 1892 598 1957 dicit
620 1893 649 1956 in
671 1899 700 1957 Σ
716 1895 827 1958 333-7:

250 2002 309 2062 νῦν
331 1999 359 2061 δ’
379 2000 453 2063 ἐπεὶ
475 1991 543 2081 οὖν,
564 2000 744 2084 Πάτροκλε,
768 2005 828 2066 σεὶΙ
849 1999 985 2086 ὕστερος
1006 1994 1070 2084 εἶμ’
1091 2003 1158 2066 ὑπὸ
1180 2008 1286 2085 γαῖαν,

249 2103 289 2169 οὕ
311 2125 349 2170 σε
372 2108 451 2190 πρὶν
472 2112 595 2190 κτεριῶ,
618 2114 697 2191 πρίν
718 2110 744 2191 γ’
757 2107 906 2190 Ἕκτορος
927 2109 1046 2174 ἐνθάδ’
1070 2111 1191 2175 ἐνεῖκαι

249 2212 367 2294 τεύχεα
388 2216 441 2279 καὶ
463 2215 618 2300 κεφαλήν,
638 2216 838 2299 μεγαθύμου
861 2222 932 2281 σοῖο
955 2220 1081 2301 φονῆος·

147 2347 148 2351 ’
250 2320 435 2386 dedoceant
456 2323 668 2407 προπάροιθε
689 2330 791 2409 πορῆς
811 2324 1102 2408 ἀποδειροτομήσω
1173 2310 1176 2315 ’

189 2445 240 2498 331
257 2430 375 2512 Τρώων
397 2430 502 2511 α’γλαοὲ
524 2438 631 2511 τέκνα,
656 2436 785 2496 σέθεν
803 2440 1031 2513 κταμένοιο
1054 2432 1267 2511 χολωθείς.

169 2541 206 2604 V.
225 2541 320 2604 33c-r
338 2566 378 2590 =
402 2543 433 2601 tl}
450 2539 535 2617 22-3,
563 2557 639 2618 quos
659 2557 769 2602 versus
794 2557 854 2602 nou
880 2540 911 2602 in
937 2545 966 2603 Σ
987 2539 1096 2610 sedin
1125 2523 1161 2601 cp
1179 2538 1330 2617 genuinos

168 2647 267 2711 videri
289 2646 435 2727 opinatur
456 2645 495 2709 H.
518 2646 759 2726 Duentzerusssl.
982 2709 987 2720 ,
1320 2737 1322 2740 ⁴

253 2753 368 2818 Deinde
381 2753 524 2834 Achilles
545 2771 607 2834 qua
622 2752 778 2833 flagrabat
795 2754 841 2817 ira
860 2754 890 2817 in
902 2753 1078 2832 Hectorem,
1101 2759 1205 2816 temen
1223 2751 1330 2814 statim
1443 2788 1446 2793 -

168 2863 200 2926 in
223 2878 358 2942 pugnam
378 2878 579 2945 prorumpere
600 2861 733 2924 nondum
755 2861 870 2941 potuit,
892 2860 975 2940 quod
996 2877 1083 2925 arnna
1108 2859 1135 2922 ei
1155 2857 1329 2922 defuerunt.

170 2967 277 3031 Thetis
307 2973 411 3032 autem
441 2985 521 3031 nova
552 2967 734 3032 aVulcano
760 2967 842 3032 facta
872 2968 900 3031 ei
929 2966 1041 3044 donat,
1076 2984 1154 3046 quae
1177 2965 1228 3028 ubi
1252 2965 1331 3028 vidit

168 3073 331 3139 iracundia
353 3073 536 3153 efferuescit,
562 3080 593 3138 T
608 3078 661 3140 16:

555 3228 766 3246 .....
809 3178 916 3261 αὐτοὶρ
937 3175 1091 3258 Ἀχιλλεύς

171 3292 209 3350 16
232 3285 273 3360 ὣς
292 3278 363 3365 εἶδ’,
388 3284 429 3360 ὥς
450 3310 520 3368 μιν
540 3288 664 3370 μᾶλλον
686 3288 757 3350 ἔδυ
778 3286 916 3368 χόλος,
939 3287 975 3350 ἐν
998 3286 1038 3348 de'
1056 3283 1088 3347 οἱ
1106 3277 1189 3347 ὅσσε

233 3394 340 3459 δεινὸν
361 3393 428 3459 ὑπὸ
448 3395 621 3478 βλεφαρῶν
645 3393 685 3469 οἷς
707 3393 737 3459 εἰ
758 3395 854 3469 σέλας
875 3392 1130 3478 ἐξεφααι’θει’.4)

240 3565 266 3629 1)
292 3563 323 3617 G.
343 3563 439 3627 Grote,
457 3562 527 3616 Hist.
547 3564 577 3618 of
593 3563 694 3618 Greece
713 3564 753 3618 Il.‘
766 3582 792 3633 p.
812 3564 862 3618 266
869 3585 876 3627 ;
902 3564 949 3617 cfr.
966 3561 995 3615 L.
1013 3557 1253 3615 F'riedluenderum
1273 3550 1331 3616 mie

169 3649 348 3704 Homerische
365 3648 458 3703 Kritik
477 3667 529 3704 von
548 3650 626 3704 Wolf
642 3649 684 3705 bis
704 3649 797 3704 Grote‘
816 3648 908 3704 Berlin
930 3648 995 3703 1853
1012 3665 1039 3716 p.
1056 3646 1098 3698 60.

240 3737 266 3803 2)
286 3736 341 3790 cfr.
362 3736 391 3789 L.
408 3736 649 3791 Friedleenderunr
670 3737 687 3790 l.
706 3737 723 3789 l.
743 3754 769 3805 p.
788 3736 830 3791 58.

240 3823 267 3890 3)
286 3823 394 3877 Homer.
414 3823 551 3877 Abhondl.
571 3841 599 3892 p.
617 3822 667 3876 327
683 3823 749 3877 Not.

240 3911 266 3976 4)
287 3912 380 3976 Atque
405 3909 458 3963 hoc
484 3911 518 3963 de
543 3909 602 3964 loco
623 3909 646 3963 si
667 3909 831 3963 adumbrare
853 3925 942 3962 meam
961 3902 1141 3973 suspicionem
1161 3901 1239 3965 licet,
1262 3899 1332 3954 fulso

156 3997 239 4049 'haec
257 3995 317 4050 loco
337 3995 467 4064 leguntur
486 3998 570 4064 atque
590 3996 784 4064 trusportandu
802 3997 883 4048 erunt
902 3995 931 4047 in
950 3991 1051 4045 librum
1072 3993 1093 4038 Y
1100 4010 1107 4054 ς
1127 4004 1223 4056 nempe
1241 3986 1331 4068 locum

170 4083 283 4136 mutent
301 4081 417 4136 invicem
436 4083 488 4136 loci
509 4084 613 4137 Tlos.
633 4087 662 4136 et
682 4082 783 4147 r424;
807 4081 835 4134 id
853 4080 925 4155 quod
944 4094 1014 4143 mox,
1033 4077 1055 4130 si
1074 4074 1187 4129 dabitur
1205 4071 1331 4140 facultas,

170 4167 327 4228 accuratius
346 4186 490 4239 exponam.
