2992 4846
722 297 760 357 10

160 469 285 550 potiora
314 471 438 535 nomina
467 471 526 537 hoo
556 471 621 536 loco
651 489 842 548 componere.
894 471 1046 552 Imprimis
1069 472 1150 541 enim
1173 472 1212 537 de
1236 471 1328 538 hiatu

161 583 194 640 et
228 576 384 657 digammo
416 578 451 643 G.
480 580 516 643 A.
544 579 574 644 J.
603 577 808 642 Hoffmannus
820 576 842 659 ¹)
885 579 1119 643 accuratissime
1159 581 1329 663 quaesivit,

161 683 337 749 Ludovicus
359 685 620 750 Friedlaeudcrus
643 684 809 764 vocabula,
842 703 923 768 quae
954 685 1098 750 dicuntur
1128 682 1224 762 ἅπαξ
1246 668 1330 770 εἰρη-Ι

160 798 259 872 μένα,
292 793 444 872 exquisite
473 793 672 870 tractavit²);
710 792 744 855 Β.
772 791 946 873 Gisekius⁸)
976 793 1007 856 in
1037 793 1200 856 verborum
1233 794 1331 858 colio-

162 899 326 978 catiooem,
343 897 633 979 maciomanum)
649 898 680 961 in
697 916 787 962 usum
802 898 1035 979 participiorum
1052 898 1223 978 inquisivit.
1268 900 1329 964 De·

162 1005 255 1085 nique
293 1005 376 1068 Guil.
408 1004 599 1076 Christius⁵t
638 1004 844 1068 nominandus
881 1010 945 1083 est,
987 1004 1040 1084 qui
1080 1005 1109 1068 iu
1149 1003 1329 1071 huiusmodi

162 1109 401 1190 quaestionibus
424 1110 552 1192 signifer
573 1117 622 1175 est
643 1117 738 1192 atque
760 1111 891 1192 primuS,
914 1117 949 1174 ut
971 1111 1044 1174 mihi
1067 1111 1198 1194 videtur,
1222 1114 1330 1178 multi-

162 1217 258 1297 plices
288 1218 525 1282 observationes
556 1219 703 1284 metricas
729 1224 761 1282 et
783 1219 1003 1297 grammaticas
1027 1218 1068 1283 ad
1094 1220 1191 1284 totius
1219 1219 1330 1284 Iliadis

165 1324 305 1388 camina
326 1323 518 1406 seiungenda
538 1329 570 1388 et
595 1323 794 1390 diiudicanda
817 1323 966 1389 adhibuit.

246 1456 410 1536 Reliquum
433 1462 502 1535 est,
526 1438 561 1520 ut
584 1475 688 1520 eorum
711 1473 835 1537 quoque
859 1456 995 1520 breviter
1016 1456 1129 1520 mentio
1150 1455 1223 1536 fiat,
1248 1475 1331 1538 quae

163 1580 182 1625 a
199 1561 296 1626 (luctis
312 1563 387 1627 viris
404 1563 442 1627 de
459 1565 552 1628 verbo
572 1568 805 1645 μενεαίνειν,
826 1563 909 1644 quod
924 1563 1076 1644 imprimis
1091 1563 1149 1628 hoc
1165 1582 1235 1627 meo
1249 1563 1329 1628 libro

166 1676 304 1733 tractare
328 1671 401 1734 mihi
426 1671 620 1752 propositum
643 1676 700 1750 est,
723 1670 876 1734 adnotata
898 1671 970 1733 sint.
1013 1670 1127 1749 Itaque
1148 1661 1242 1751 plena
1264 1670 1330 1735 fere

162 1794 319 1857 apponere
340 1776 411 1842 mihi
435 1778 544 1857 liceat,
566 1795 648 1858 quac
670 1777 868 1842 doctissimus
889 1776 936 1839 vir
959 1778 993 1839 R.
1015 1776 1273 1856 Peppmuellerus
1294 1777 1326 1840 in

163 1883 260 1963 libro,
290 1884 343 1965 qui
374 1883 554 1949 inscribitur
582 1885 793 1963 ,commentar
815 1884 869 1948 des
891 1883 1004 1947 XXIV.
1025 1882 1144 1948 Buches
1168 1882 1224 1947 der
1247 1863 1353 1948 liias‘¹

165 1988 398 2071 (Bestiarum),
416 1991 456 2054 ad
468 1995 498 2054 Ω
511 1995 549 2054 22
560 1992 626 2073 (54)
638 1991 822 2071 disputavit:
852 1990 886 2054 V.
897 1995 945 2054 22
955 1991 1104 2055 schwebte
1114 1991 1184 2054 dem
1193 1989 1331 2056 Dichter

163 2097 334 2162 wicciorum
356 2098 407 2168 eim
434 2100 513 2164 Vera
535 2120 596 2164 uus
618 2099 687 2162 deor
708 2103 764 2163 23.
787 2098 898 2162 Bacche
919 2118 977 2161 vor
998 2098 1128 2178 Aupen,
1156 2101 1250 2160 ἰ1121
1273 2097 1330 2179 (cf.

164 2204 199 2268 X
214 2203 313 2281 395):
333 2195 380 2267 Ἦ
396 2205 437 2285 ῥα
458 2205 512 2267 καὶ
524 2202 664 2285 Ἕκτορα
687 2204 759 2267 δῖον
781 2205 893 2266 αἐικέα
913 2201 1036 2286 μήδετο
1058 2204 1143 2284 ἔργα.
1187 2203 1245 2268 Da
1261 2205 1331 2270 hier

165 2311 274 2375 iudces
296 2332 355 2375 oca
377 2310 661 2393 derAusfo‘ihruup
683 2295 740 2377 der
755 2310 867 2373 αἷεικεα
881 2312 957 2390 ἔργα
969 2310 1096 2391 pcrcdet
1107 2311 1198 2386 wirot,
1220 2313 1354 2376 warde-

163 2425 231 2495 ecfae
246 2418 440 2505 Aradarum
461 2419 671 2501 aothweodip.
716 2417 789 2482 Dus
804 2419 950 2499 Adjcctio
969 2417 1078 2482 warde
1097 2439 1169 2482 auia
1194 2418 1331 2483 Verbum

163 2524 322 2602 ἅεικίζειν,
343 2526 471 2591 welches
491 2529 613 2604 11545,
629 2529 701 2603 559,
729 2529 823 2606 Τ26,
844 2530 945 2589 σ622
963 2525 1030 2589 und
1047 2524 1081 2588 X
1097 2528 1163 2587 256
1172 2547 1178 2587 :
1203 2523 1254 2587 ov’
1270 2525 1331 2606 γιὶρ

163 2630 226 2711 ε’γαί
248 2632 278 2695 σ’
301 2631 462 2711 ἔκπαγλον
484 2632 594 2694 αέικιῶ
617 2633 755 2713 (Helctor
777 2633 879 2711 redet)
902 2632 937 2695 io
959 2630 1135 2696 dcmsclbeo
1155 2630 1257 2696 Sirone
1278 2653 1330 2713 pe·

164 2739 297 2803 tranem
315 2740 408 2802 wira.
451 2738 525 2804 Das
545 2739 761 2821 Porticipium
781 2743 969 2820 μενεαίνων,
992 2737 1121 2802 uictrices
1143 2758 1177 2802 so
1200 2738 1248 2820 oft
1270 2740 1331 2804 dea

165 2845 296 2911 Schluss
314 2847 370 2910 ries
384 2846 593 2912 chcmetcrs
608 2847 703 2912 bilder
721 2844 804 2927 [Not.
822 2865 852 2914 1:
880 2861 950 2914 Man
974 2858 1122 2927 verpieiche
1142 2857 1187 2911 dic
1208 2864 1275 2913 stete
1293 2861 1331 2913 im

164 2951 310 3021 Auspaapc
324 2950 371 3006 dcc
392 2952 486 3007 Versa
503 2954 560 3007 sich
573 2951 721 3021 findenden
736 2952 912 3022 Wenduapeo
928 2953 1115 3013 κατακτάμεναι
1133 2982 1167 2990 -
1184 2949 1331 3013 δαϊζέμεναι

163 3074 197 3082 -
211 3047 371 3096 ἐπιπτέσθαι
389 3076 423 3084 -
438 3047 592 3114 ἐρύσσεσθαι
603 3076 636 3086 -
645 3048 782 3114 ὀρέξασθαι
794 3079 828 3087 -
840 3030 920 3099 mim
931 3052 1075 3107 μενεαίνων.
1111 3045 1331 3101 Hinzultommen

163 3153 253 3206 wepea
270 3139 343 3191 ciues
359 3153 393 3190 zu
410 3138 595 3206 eryctnzenden
607 3139 745 3208 Infinitive
762 3144 848 3194 ⁶341:
870 3139 907 3191 01³
926 3140 974 3200 pir
992 3140 1025 3207 δή
1044 3158 1070 3189 σε
1087 3142 1241 3199 καταφθίνει
1259 3141 1331 3201 prtia

164 3249 211 3301 πῦρ
229 3237 365 3291 μενεαίνων
388 3230 445 3285 und
470 3231 578 3286 0617:
602 3233 669 3283 Ἀλλ’
688 3232 742 3283 οὐδ’
761 3233 793 3292 αῗς
811 3233 905 3284 δύνατο
923 3232 997 3304 ῥῆξαι
1014 3233 1086 3293 μάλα
1104 3250 1152 3302 περ
1171 3234 1331 3304 pereamust,

164 3370 359 3378 ———-›-—-—-.

236 3449 261 3517 l)
280 3427 461 3514 Quaestioues
478 3447 648 3512 Homericae,
668 3448 856 3503 Clausthaliae
876 3449 1019 3504 1842-48.

234 3552 260 3618 2)
281 3552 379 3605 Annal.
392 3551 490 3605 Philol.
503 3551 641 3622 Supplem.
656 3551 711 3606 lii:
731 3552 809 3615 ,Zwei
822 3552 992 3608 homerische
1002 3551 1332 3609 Wtrterveraeiohniase‘.

235 3658 261 3725 3)
281 3656 390 3710 Homer.
409 3656 611 3726 Forschungem
632 3654 743 3725 Leipzig
762 3655 837 3709 1864.

233 3760 260 3828 4)
279 3760 512 3831 Beobachtungen
532 3760 600 3814 iiber
617 3760 673 3814 den'
688 3757 884 3813 Homerischen
903 3756 1157 3827 Sprachgebrauch‚
1176 3757 1332 3813 Frankfurt

108 3866 112 3872 ’
165 3863 189 3901 a.
209 3847 245 3900 M.
266 3848 341 3907 1567.

234 3951 260 4018 5)
278 3949 338 4018 ,Die
357 3949 593 4019 interpolationen
611 3949 656 4004 bei
675 3949 776 4004 Homer
795 3965 857 4002 vom
877 3947 1043 4002 metrischen
1061 3947 1117 4001 und
1135 3946 1331 4016 uprachlichen

166 4035 384 4106 Gesichtapunkt
403 4035 576 4090 beleuchtet⁴.
614 4036 800 4106 Sitzungsber.
819 4036 877 4088 der.
893 4034 952 4103 kgl.
971 4033 1048 4102 bayr.
1066 4033 1225 4089 Airademie.
1253 4035 1331 4090 1879.

166 4152 199 4162 -
219 4122 329 4188 ‚Ilouier
348 4123 412 4177 oder
433 4123 613 4179 Homeriden‘.
640 4124 764 4178 1881-
785 4119 885 4186 ,Editio
901 4119 1012 4174 iliadis‘.
1042 4119 1117 4174 1884.
