<?xml version="1.0" encoding="UTF-8"?>
<!DOCTYPE html PUBLIC "-//W3C//DTD XHTML 1.0 Transitional//EN"
    "http://www.w3.org/TR/xhtml1/DTD/xhtml1-transitional.dtd">
<html xmlns="http://www.w3.org/1999/xhtml" xml:lang="en" lang="en">
 <head>
  <title>
</title>
<meta http-equiv="Content-Type" content="text/html;charset=utf-8" />
  <meta name='ocr-system' content='tesseract 3.04.00' />
  <meta name='ocr-capabilities' content='ocr_page ocr_carea ocr_par ocr_line ocrx_word'/>
</head>
<body>
  <div class='ocr_page' id='page_1' title='image "./deiraachillissi00weidgoog_0086.png"; bbox 0 0 2992 4846; ppageno 0'>
   <div class='ocr_carea' id='block_1_1' title="bbox 663 277 712 354">
    <p class='ocr_par' dir='ltr' id='par_1_1' title="bbox 663 277 712 354">
     <span class='ocr_line' id='line_1_1' title="bbox 663 277 712 354; baseline 0.041 -2"><span class='ocrx_word' id='word_1_1' title='bbox 663 277 712 354; x_wconf 67' lang='lat' dir='ltr'>ui</span> 
     </span>
    </p>
   </div>
   <div class='ocr_carea' id='block_1_2' title="bbox 169 464 1105 766">
    <p class='ocr_par' dir='ltr' id='par_1_2' title="bbox 169 464 1105 766">
     <span class='ocr_line' id='line_1_2' title="bbox 169 464 1007 569; baseline 0.002 -41"><span class='ocrx_word' id='word_1_2' title='bbox 169 466 228 528; x_wconf 90' lang='grc' dir='ltr'>τόν</span> <span class='ocrx_word' id='word_1_3' title='bbox 246 467 289 528; x_wconf 82' lang='grc' dir='ltr'>’δέ</span> <span class='ocrx_word' id='word_1_4' title='bbox 308 490 355 527; x_wconf 90' lang='grc' dir='ltr'><em>τοι</em></span> <span class='ocrx_word' id='word_1_5' title='bbox 378 464 535 546; x_wconf 74' lang='grc' dir='ltr'><em>α’ργαλεόν</em></span> <span class='ocrx_word' id='word_1_6' title='bbox 558 464 656 553; x_wconf 71' lang='grc' dir='ltr'><em>θήσει</em></span> <span class='ocrx_word' id='word_1_7' title='bbox 677 468 766 541; x_wconf 71' lang='grc' dir='ltr'><em>θεός·</em></span> <span class='ocrx_word' id='word_1_8' title='bbox 800 469 839 532; x_wconf 80' lang='grc' dir='ltr'><em>οδ</em></span> <span class='ocrx_word' id='word_1_9' title='bbox 857 468 917 569; x_wconf 73' lang='grc' dir='ltr'>γρέρ</span> <span class='ocrx_word' id='word_1_10' title='bbox 939 469 1007 533; x_wconf 83' lang='grc' dir='ltr'>ὀίω</span> 
     </span>
     <span class='ocr_line' id='line_1_3' title="bbox 172 572 1105 660; baseline 0.003 -22"><span class='ocrx_word' id='word_1_11' title='bbox 172 572 282 656; x_wconf 76' lang='grc' dir='ltr'><em>λήσειν</em></span> <span class='ocrx_word' id='word_1_12' title='bbox 306 576 518 655; x_wconf 67' lang='grc' dir='ltr'>ἐννοσίγαιον,</span> <span class='ocrx_word' id='word_1_13' title='bbox 539 572 558 636; x_wconf 81' lang='grc' dir='ltr'><em>ό</em></span> <span class='ocrx_word' id='word_1_14' title='bbox 579 599 639 639; x_wconf 91' lang='grc' dir='ltr'><em>τοι</em></span> <span class='ocrx_word' id='word_1_15' title='bbox 661 576 782 639; x_wconf 81' lang='grc' dir='ltr'><em>κότον</em></span> <span class='ocrx_word' id='word_1_16' title='bbox 804 580 955 640; x_wconf 69' lang='grc' dir='ltr'><em>ἔνθετο</em></span> <span class='ocrx_word' id='word_1_17' title='bbox 979 581 1105 660; x_wconf 66' lang='grc' dir='ltr'><em>θυμῷ,</em></span> 
     </span>
     <span class='ocr_line' id='line_1_4' title="bbox 172 678 1064 766; baseline 0.006 -20"><span class='ocrx_word' id='word_1_18' title='bbox 172 681 388 762; x_wconf 83' lang='grc' dir='ltr'><em>χωόμενος</em></span> <span class='ocrx_word' id='word_1_19' title='bbox 409 678 472 744; x_wconf 76' lang='grc' dir='ltr'>ὅτι</span> <span class='ocrx_word' id='word_1_20' title='bbox 492 682 530 745; x_wconf 82' lang='grc' dir='ltr'><em>οἱ</em></span> <span class='ocrx_word' id='word_1_21' title='bbox 549 683 638 747; x_wconf 78' lang='grc' dir='ltr'><em>οἶόν</em></span> <span class='ocrx_word' id='word_1_22' title='bbox 661 685 789 766; x_wconf 82' lang='grc' dir='ltr'><em>φίλον</em></span> <span class='ocrx_word' id='word_1_23' title='bbox 811 683 1064 760; x_wconf 77' lang='grc' dir='ltr'><em>ἐξαλάωσας.</em></span> 
     </span>
    </p>
   </div>
   <div class='ocr_carea' id='block_1_3' title="bbox 82 781 1358 872">
    <p class='ocr_par' dir='ltr' id='par_1_3' title="bbox 82 781 1358 872">
     <span class='ocr_line' id='line_1_5' title="bbox 82 781 1358 872; baseline 0.004 -18"><span class='ocrx_word' id='word_1_24' title='bbox 82 791 217 870; x_wconf 77' lang='lat' dir='ltr'>spurius</span> <span class='ocrx_word' id='word_1_25' title='bbox 241 796 288 851; x_wconf 86' lang='lat' dir='ltr'>est</span> <span class='ocrx_word' id='word_1_26' title='bbox 303 791 335 864; x_wconf 67' lang='grc' dir='ltr'>1γ.</span> <span class='ocrx_word' id='word_1_27' title='bbox 380 791 412 852; x_wconf 93' lang='lat' dir='ltr'>lu</span> <span class='ocrx_word' id='word_1_28' title='bbox 437 789 523 852; x_wconf 77' lang='lat' dir='ltr'>libris</span> <span class='ocrx_word' id='word_1_29' title='bbox 545 797 650 854; x_wconf 88' lang='lat' dir='ltr'>antem</span> <span class='ocrx_word' id='word_1_30' title='bbox 672 791 885 872; x_wconf 79' lang='lat' dir='ltr'>a-pUlixes</span> <span class='ocrx_word' id='word_1_31' title='bbox 908 793 972 872; x_wconf 89' lang='lat' dir='ltr'>ipse</span> <span class='ocrx_word' id='word_1_32' title='bbox 994 802 1051 856; x_wconf 90' lang='lat' dir='ltr'>aut</span> <span class='ocrx_word' id='word_1_33' title='bbox 1072 794 1178 858; x_wconf 82' lang='lat' dir='ltr'>iuvem</span> <span class='ocrx_word' id='word_1_34' title='bbox 1201 801 1258 861; x_wconf 88' lang='lat' dir='ltr'>aut</span> <span class='ocrx_word' id='word_1_35' title='bbox 1300 793 1303 799; x_wconf 82' lang='grc'>’</span> <span class='ocrx_word' id='word_1_36' title='bbox 1355 781 1358 787; x_wconf 61' lang='grc'>’</span> 
     </span>
    </p>
   </div>
   <div class='ocr_carea' id='block_1_4' title="bbox 83 895 1259 982">
    <p class='ocr_par' dir='ltr' id='par_1_4' title="bbox 83 895 1259 982">
     <span class='ocr_line' id='line_1_6' title="bbox 83 895 1259 982; baseline 0.006 -21"><span class='ocrx_word' id='word_1_37' title='bbox 83 896 194 962; x_wconf 84' lang='lat' dir='ltr'>Solem</span> <span class='ocrx_word' id='word_1_38' title='bbox 220 904 277 958; x_wconf 91' lang='lat' dir='ltr'>aut</span> <span class='ocrx_word' id='word_1_39' title='bbox 299 895 441 976; x_wconf 57' lang='lat' dir='ltr'>&lt;insumul</span> <span class='ocrx_word' id='word_1_40' title='bbox 469 920 557 976; x_wconf 77' lang='grc' dir='ltr'><em>τινα,</em></span> <span class='ocrx_word' id='word_1_41' title='bbox 586 899 640 960; x_wconf 90' lang='lat' dir='ltr'>sed</span> <span class='ocrx_word' id='word_1_42' title='bbox 672 918 839 982; x_wconf 79' lang='lat' dir='ltr'>numquam</span> <span class='ocrx_word' id='word_1_43' title='bbox 863 899 1042 980; x_wconf 73' lang='lat' dir='ltr'>Neptunum</span> <span class='ocrx_word' id='word_1_44' title='bbox 1071 903 1231 968; x_wconf 87' lang='lat' dir='ltr'>calamitat</span> <span class='ocrx_word' id='word_1_45' title='bbox 1184 905 1259 968; x_wconf 88' lang='lat' dir='ltr'>tatis</span> 
     </span>
    </p>
   </div>
   <div class='ocr_carea' id='block_1_5' title="bbox 84 1006 1260 1186">
    <p class='ocr_par' dir='ltr' id='par_1_5' title="bbox 84 1006 1260 1174">
     <span class='ocr_line' id='line_1_7' title="bbox 84 1006 1260 1089; baseline 0.008 -23"><span class='ocrx_word' id='word_1_46' title='bbox 84 1012 264 1085; x_wconf 77' lang='lat' dir='ltr'>perpetuae</span> <span class='ocrx_word' id='word_1_47' title='bbox 287 1012 406 1066; x_wconf 79' lang='lat' dir='ltr'>auctum</span> <span class='ocrx_word' id='word_1_48' title='bbox 408 1022 443 1065; x_wconf 75' lang='lat' dir='ltr'>=m</span> <span class='ocrx_word' id='word_1_49' title='bbox 433 1023 531 1067; x_wconf 80' lang='lat' dir='ltr'>iesse</span> <span class='ocrx_word' id='word_1_50' title='bbox 555 1012 656 1085; x_wconf 85' lang='lat' dir='ltr'>putat.</span> <span class='ocrx_word' id='word_1_51' title='bbox 696 1006 769 1068; x_wconf 91' lang='lat' dir='ltr'>llli</span> <span class='ocrx_word' id='word_1_52' title='bbox 762 1014 817 1089; x_wconf 71' lang='lat' dir='ltr'>apt</span> <span class='ocrx_word' id='word_1_53' title='bbox 819 1026 865 1070; x_wconf 84' lang='lat' dir='ltr'>em</span> <span class='ocrx_word' id='word_1_54' title='bbox 890 1025 997 1071; x_wconf 83' lang='lat' dir='ltr'>velsus</span> <span class='ocrx_word' id='word_1_55' title='bbox 1018 1008 1037 1071; x_wconf 89' lang='grc' dir='ltr'><em>λ</em></span> <span class='ocrx_word' id='word_1_56' title='bbox 1055 1009 1146 1073; x_wconf 73' lang='lat' dir='ltr'>lues.</span> <span class='ocrx_word' id='word_1_57' title='bbox 1166 1013 1260 1075; x_wconf 87' lang='lat' dir='ltr'>etiam</span> 
     </span>
     <span class='ocr_line' id='line_1_8' title="bbox 87 1111 416 1186; baseline -0.007 -12"><span class='ocrx_word' id='word_1_58' title='bbox 87 1136 108 1174; x_wconf 87' lang='grc' dir='ltr'>ν</span> <span class='ocrx_word' id='word_1_59' title='bbox 101 1112 230 1174; x_wconf 65' lang='lat' dir='ltr'>talus.</span> <span class='ocrx_word' id='word_1_60' title='bbox 255 1111 361 1186; x_wconf 79' lang='lat' dir='ltr'>legunt</span> <span class='ocrx_word' id='word_1_61' title='bbox 350 1117 416 1173; x_wconf 94' lang='lat' dir='ltr'>tm·</span> 
     </span>
    </p>
   </div>
   <div class='ocr_carea' id='block_1_6' title="bbox 88 1235 1264 1767">
    <p class='ocr_par' dir='ltr' id='par_1_6' title="bbox 88 1235 1112 1534">
     <span class='ocr_line' id='line_1_9' title="bbox 88 1235 999 1318; baseline 0.001 -17"><span class='ocrx_word' id='word_1_62' title='bbox 88 1235 263 1302; x_wconf 69' lang='lat' dir='ltr'>{intuitui</span> <span class='ocrx_word' id='word_1_63' title='bbox 286 1260 335 1297; x_wconf 92' lang='grc' dir='ltr'><em>τοι</em></span> <span class='ocrx_word' id='word_1_64' title='bbox 357 1237 415 1298; x_wconf 85' lang='grc' dir='ltr'><em>οόκ</em></span> <span class='ocrx_word' id='word_1_65' title='bbox 434 1236 579 1318; x_wconf 67' lang='grc' dir='ltr'><em>ἐθέλησα</em></span> <span class='ocrx_word' id='word_1_66' title='bbox 600 1238 806 1300; x_wconf 85' lang='grc' dir='ltr'><em>Ποσειδόιονι</em></span> <span class='ocrx_word' id='word_1_67' title='bbox 827 1237 999 1318; x_wconf 67' lang='grc' dir='ltr'><em>μάχεσθαι</em></span> 
     </span>
     <span class='ocr_line' id='line_1_10' title="bbox 179 1340 1112 1428; baseline 0.006 -24"><span class='ocrx_word' id='word_1_68' title='bbox 179 1343 482 1426; x_wconf 70' lang='grc' dir='ltr'><em>πατροκασιγνήτῳ,</em></span> <span class='ocrx_word' id='word_1_69' title='bbox 505 1340 547 1418; x_wconf 68' lang='lat' dir='ltr'>fg</span> <span class='ocrx_word' id='word_1_70' title='bbox 567 1367 632 1406; x_wconf 91' lang='grc' dir='ltr'><em>τοι</em></span> <span class='ocrx_word' id='word_1_71' title='bbox 653 1343 775 1407; x_wconf 86' lang='grc' dir='ltr'><em>κότον</em></span> <span class='ocrx_word' id='word_1_72' title='bbox 795 1347 949 1407; x_wconf 66' lang='grc' dir='ltr'><em>ἔνθετο</em></span> <span class='ocrx_word' id='word_1_73' title='bbox 970 1350 1112 1428; x_wconf 57' lang='lat' dir='ltr'>flentum,¹</span> 
     </span>
     <span class='ocr_line' id='line_1_11' title="bbox 180 1449 1072 1534; baseline 0.006 -22"><span class='ocrx_word' id='word_1_74' title='bbox 180 1450 390 1530; x_wconf 83' lang='grc' dir='ltr'><em>χωόμενος</em></span> <span class='ocrx_word' id='word_1_75' title='bbox 412 1449 477 1513; x_wconf 79' lang='grc' dir='ltr'>ὅτι</span> <span class='ocrx_word' id='word_1_76' title='bbox 499 1451 537 1514; x_wconf 80' lang='grc' dir='ltr'><em>οἱ</em></span> <span class='ocrx_word' id='word_1_77' title='bbox 559 1451 648 1514; x_wconf 82' lang='grc' dir='ltr'>νὶδν</span> <span class='ocrx_word' id='word_1_78' title='bbox 672 1453 793 1534; x_wconf 83' lang='grc' dir='ltr'><em>φίλον</em></span> <span class='ocrx_word' id='word_1_79' title='bbox 816 1453 1072 1527; x_wconf 76' lang='grc' dir='ltr'><em>ἐξαλάωσας.</em></span> 
     </span>
    </p>

    <p class='ocr_par' dir='ltr' id='par_1_7' title="bbox 91 1575 1263 1659">
     <span class='ocr_line' id='line_1_12' title="bbox 91 1575 1263 1659; baseline 0.001 -19"><span class='ocrx_word' id='word_1_80' title='bbox 91 1578 185 1653; x_wconf 67' lang='lat' dir='ltr'>(luae</span> <span class='ocrx_word' id='word_1_81' title='bbox 204 1577 297 1638; x_wconf 81' lang='lat' dir='ltr'>uerba</span> <span class='ocrx_word' id='word_1_82' title='bbox 313 1575 453 1638; x_wconf 83' lang='lat' dir='ltr'>Minerva</span> <span class='ocrx_word' id='word_1_83' title='bbox 471 1576 509 1638; x_wconf 72' lang='lat' dir='ltr'>ael</span> <span class='ocrx_word' id='word_1_84' title='bbox 526 1576 646 1640; x_wconf 81' lang='lat' dir='ltr'>Ulixem</span> <span class='ocrx_word' id='word_1_85' title='bbox 666 1595 685 1639; x_wconf 92' lang='lat' dir='ltr'>u</span> <span class='ocrx_word' id='word_1_86' title='bbox 704 1577 896 1641; x_wconf 76' lang='lat' dir='ltr'>Phaeacibus</span> <span class='ocrx_word' id='word_1_87' title='bbox 920 1579 949 1640; x_wconf 93' lang='lat' dir='ltr'>in</span> <span class='ocrx_word' id='word_1_88' title='bbox 969 1577 1073 1641; x_wconf 84' lang='lat' dir='ltr'>ltnaca</span> <span class='ocrx_word' id='word_1_89' title='bbox 1092 1580 1263 1659; x_wconf 85' lang='lat' dir='ltr'>expositum</span> 
     </span>
    </p>

    <p class='ocr_par' dir='ltr' id='par_1_8' title="bbox 92 1684 1264 1767">
     <span class='ocr_line' id='line_1_13' title="bbox 92 1684 1264 1767; baseline 0.003 -21.026"><span class='ocrx_word' id='word_1_90' title='bbox 92 1687 174 1748; x_wconf 83' lang='lat' dir='ltr'>dicit</span> <span class='ocrx_word' id='word_1_91' title='bbox 162 1691 227 1746; x_wconf 91' lang='lat' dir='ltr'>tse</span> <span class='ocrx_word' id='word_1_92' title='bbox 250 1701 410 1764; x_wconf 83' lang='lat' dir='ltr'>excusans,</span> <span class='ocrx_word' id='word_1_93' title='bbox 434 1684 546 1762; x_wconf 87' lang='lat' dir='ltr'>quml</span> <span class='ocrx_word' id='word_1_94' title='bbox 539 1703 569 1746; x_wconf 95' lang='lat' dir='ltr'>m</span> <span class='ocrx_word' id='word_1_95' title='bbox 593 1686 720 1747; x_wconf 83' lang='lat' dir='ltr'>marinis</span> <span class='ocrx_word' id='word_1_96' title='bbox 742 1685 900 1748; x_wconf 82' lang='lat' dir='ltr'>enunibus</span> <span class='ocrx_word' id='word_1_97' title='bbox 925 1684 1027 1767; x_wconf 86' lang='grc' dir='ltr'><em>(ι-μ)</em></span> <span class='ocrx_word' id='word_1_98' title='bbox 1047 1687 1074 1748; x_wconf 88' lang='lat' dir='ltr'>ei</span> <span class='ocrx_word' id='word_1_99' title='bbox 1101 1704 1264 1767; x_wconf 81' lang='lat' dir='ltr'>numquam</span> 
     </span>
    </p>
   </div>
   <div class='ocr_carea' id='block_1_7' title="bbox 92 1791 1265 1963">
    <p class='ocr_par' dir='ltr' id='par_1_9' title="bbox 92 1791 1265 1963">
     <span class='ocr_line' id='line_1_14' title="bbox 92 1791 1265 1903; baseline 0.003 -47"><span class='ocrx_word' id='word_1_100' title='bbox 92 1792 260 1866; x_wconf 79' lang='lat' dir='ltr'>adfuisset,</span> <span class='ocrx_word' id='word_1_101' title='bbox 238 1792 365 1853; x_wconf 85' lang='lat' dir='ltr'>tsicut</span> <span class='ocrx_word' id='word_1_102' title='bbox 387 1791 485 1853; x_wconf 90' lang='lat' dir='ltr'>ulim</span> <span class='ocrx_word' id='word_1_103' title='bbox 479 1809 508 1852; x_wconf 96' lang='lat' dir='ltr'>m</span> <span class='ocrx_word' id='word_1_104' title='bbox 531 1791 609 1854; x_wconf 88' lang='lat' dir='ltr'>bellu</span> <span class='ocrx_word' id='word_1_105' title='bbox 633 1791 845 1856; x_wconf 83' lang='lat' dir='ltr'>siuianmum.</span> <span class='ocrx_word' id='word_1_106' title='bbox 883 1792 989 1856; x_wconf 83' lang='lat' dir='ltr'>Ulixes</span> <span class='ocrx_word' id='word_1_107' title='bbox 1010 1793 1090 1856; x_wconf 93' lang='lat' dir='ltr'>enim</span> <span class='ocrx_word' id='word_1_108' title='bbox 1113 1793 1169 1858; x_wconf 87' lang='lat' dir='ltr'>hue</span> <span class='ocrx_word' id='word_1_109' title='bbox 1191 1812 1265 1903; x_wconf 87' lang='lat' dir='ltr'>sane</span> 
     </span>
     <span class='ocr_line' id='line_1_15' title="bbox 93 1897 554 1963; baseline -0.007 0"><span class='ocrx_word' id='word_1_110' title='bbox 93 1919 130 1963; x_wconf 88' lang='lat' dir='ltr'>se</span> <span class='ocrx_word' id='word_1_111' title='bbox 156 1899 261 1961; x_wconf 72' lang='lat' dir='ltr'>miraei</span> <span class='ocrx_word' id='word_1_112' title='bbox 284 1897 441 1961; x_wconf 87' lang='lat' dir='ltr'>euufessus</span> <span class='ocrx_word' id='word_1_113' title='bbox 465 1904 554 1960; x_wconf 79' lang='lat' dir='ltr'>erat.</span> 
     </span>
    </p>
   </div>
   <div class='ocr_carea' id='block_1_8' title="bbox 59 2013 1311 3519">
    <p class='ocr_par' dir='ltr' id='par_1_10' title="bbox 93 2013 1113 2126">
     <span class='ocr_line' id='line_1_16' title="bbox 93 2013 1113 2126; baseline -0.001 -39"><span class='ocrx_word' id='word_1_114' title='bbox 93 2049 113 2087; x_wconf 91' lang='grc' dir='ltr'>ν</span> <span class='ocrx_word' id='word_1_115' title='bbox 107 2025 201 2087; x_wconf 74' lang='grc'>314</span> <span class='ocrx_word' id='word_1_116' title='bbox 222 2025 319 2084; x_wconf 78' lang='grc' dir='ltr'><em>τοῦτο</em></span> <span class='ocrx_word' id='word_1_117' title='bbox 342 2023 398 2085; x_wconf 79' lang='grc' dir='ltr'>δ”</span> <span class='ocrx_word' id='word_1_118' title='bbox 381 2023 475 2104; x_wconf 79' lang='grc' dir='ltr'><em>εγιδν</em></span> <span class='ocrx_word' id='word_1_119' title='bbox 482 2047 516 2085; x_wconf 88' lang='grc' dir='ltr'>εν</span> <span class='ocrx_word' id='word_1_120' title='bbox 505 2013 644 2101; x_wconf 51' lang='lat' dir='ltr'>³oiuss‘</span> <span class='ocrx_word' id='word_1_121' title='bbox 632 2019 681 2086; x_wconf 91' lang='grc' dir='ltr'>ότι</span> <span class='ocrx_word' id='word_1_122' title='bbox 704 2046 759 2104; x_wconf 89' lang='grc' dir='ltr'><em>μοι</em></span> <span class='ocrx_word' id='word_1_123' title='bbox 781 2046 885 2106; x_wconf 89' lang='grc' dir='ltr'><em>παρος</em></span> <span class='ocrx_word' id='word_1_124' title='bbox 904 2023 986 2126; x_wconf 80' lang='grc' dir='ltr'><em>η’πίη</em></span> <span class='ocrx_word' id='word_1_125' title='bbox 1008 2025 1113 2108; x_wconf 74' lang='grc' dir='ltr'><em>ησδα,</em></span> 
     </span>
    </p>

    <p class='ocr_par' dir='ltr' id='par_1_11' title="bbox 225 2118 962 2214">
     <span class='ocr_line' id='line_1_17' title="bbox 225 2118 962 2214; baseline 0.004 -23"><span class='ocrx_word' id='word_1_126' title='bbox 225 2128 296 2203; x_wconf 76' lang='grc' dir='ltr'><em>εἵως</em></span> <span class='ocrx_word' id='word_1_127' title='bbox 319 2131 354 2193; x_wconf 87' lang='grc' dir='ltr'>ἐν</span> <span class='ocrx_word' id='word_1_128' title='bbox 379 2136 478 2214; x_wconf 83' lang='grc' dir='ltr'><em>Τροίῃ</em></span> <span class='ocrx_word' id='word_1_129' title='bbox 501 2130 717 2212; x_wconf 82' lang='grc' dir='ltr'><em>πολεμίζομεν</em></span> <span class='ocrx_word' id='word_1_130' title='bbox 739 2135 804 2204; x_wconf 76' lang='grc' dir='ltr'><em>ιιιῖες</em></span> <span class='ocrx_word' id='word_1_131' title='bbox 822 2118 962 2211; x_wconf 78' lang='grc' dir='ltr'><em>Ἀχαιῶν</em></span> 
     </span>
    </p>

    <p class='ocr_par' dir='ltr' id='par_1_12' title="bbox 224 2236 1102 2326">
     <span class='ocr_line' id='line_1_18' title="bbox 224 2236 1102 2326; baseline 0.001 -26"><span class='ocrx_word' id='word_1_132' title='bbox 224 2237 332 2318; x_wconf 81' lang='grc' dir='ltr'><em>αόταρ</em></span> <span class='ocrx_word' id='word_1_133' title='bbox 353 2239 426 2300; x_wconf 74' lang='grc' dir='ltr'><em>ἐπεὶ</em></span> <span class='ocrx_word' id='word_1_134' title='bbox 448 2236 550 2318; x_wconf 74' lang='grc' dir='ltr'><em>Πριόγ</em></span> <span class='ocrx_word' id='word_1_135' title='bbox 551 2261 609 2300; x_wconf 90' lang='grc' dir='ltr'><em>ιοιο</em></span> <span class='ocrx_word' id='word_1_136' title='bbox 630 2236 725 2301; x_wconf 88' lang='grc' dir='ltr'><em>πόλιν</em></span> <span class='ocrx_word' id='word_1_137' title='bbox 747 2238 969 2320; x_wconf 73' lang='grc' dir='ltr'><em>διεπέρσαμεν</em></span> <span class='ocrx_word' id='word_1_138' title='bbox 990 2238 1102 2326; x_wconf 78' lang='grc' dir='ltr'><em>αιπήν,</em></span> 
     </span>
    </p>

    <p class='ocr_par' dir='ltr' id='par_1_13' title="bbox 225 2342 1104 2432">
     <span class='ocr_line' id='line_1_19' title="bbox 225 2342 1104 2432; baseline -0.001 -27"><span class='ocrx_word' id='word_1_139' title='bbox 225 2350 330 2432; x_wconf 70' lang='grc' dir='ltr'><em>βῆμεν</em></span> <span class='ocrx_word' id='word_1_140' title='bbox 353 2346 382 2407; x_wconf 79' lang='grc' dir='ltr'>δ’</span> <span class='ocrx_word' id='word_1_141' title='bbox 404 2347 439 2408; x_wconf 89' lang='grc' dir='ltr'>ἐν</span> <span class='ocrx_word' id='word_1_142' title='bbox 463 2342 585 2431; x_wconf 79' lang='grc' dir='ltr'><em>νήεσσι,</em></span> <span class='ocrx_word' id='word_1_143' title='bbox 608 2346 687 2418; x_wconf 71' lang='grc' dir='ltr'><em>θεός</em></span> <span class='ocrx_word' id='word_1_144' title='bbox 708 2346 736 2407; x_wconf 78' lang='grc' dir='ltr'>δ’</span> <span class='ocrx_word' id='word_1_145' title='bbox 758 2346 935 2409; x_wconf 73' lang='grc' dir='ltr'><em>ἐκέδασσεν</em></span> <span class='ocrx_word' id='word_1_146' title='bbox 956 2347 1104 2426; x_wconf 75' lang='grc' dir='ltr'><em>Ἀχαιούς,</em></span> 
     </span>
    </p>

    <p class='ocr_par' dir='ltr' id='par_1_14' title="bbox 223 2451 1270 2538">
     <span class='ocr_line' id='line_1_20' title="bbox 223 2451 1270 2538; baseline 0 -22"><span class='ocrx_word' id='word_1_147' title='bbox 223 2453 270 2516; x_wconf 81' lang='grc' dir='ltr'><em>οδ</em></span> <span class='ocrx_word' id='word_1_148' title='bbox 293 2462 339 2515; x_wconf 79' lang='grc' dir='ltr'><em>σε’</em></span> <span class='ocrx_word' id='word_1_149' title='bbox 358 2454 387 2533; x_wconf 78' lang='grc' dir='ltr'>γ’</span> <span class='ocrx_word' id='word_1_150' title='bbox 410 2455 562 2515; x_wconf 76' lang='grc' dir='ltr'><em>ἔπειτα</em></span> <span class='ocrx_word' id='word_1_151' title='bbox 585 2452 691 2532; x_wconf 85' lang='grc' dir='ltr'><em>ἴδον,</em></span> <span class='ocrx_word' id='word_1_152' title='bbox 717 2451 837 2536; x_wconf 87' lang='grc' dir='ltr'><em>κούρη</em></span> <span class='ocrx_word' id='word_1_153' title='bbox 860 2452 975 2534; x_wconf 83' lang='grc' dir='ltr'><em>Διός,</em></span> <span class='ocrx_word' id='word_1_154' title='bbox 999 2454 1088 2518; x_wconf 71' lang='grc' dir='ltr'><em>οὐδ’</em></span> <span class='ocrx_word' id='word_1_155' title='bbox 1115 2452 1270 2538; x_wconf 87' lang='grc' dir='ltr'><em>ἐνόησα</em></span> 
     </span>
    </p>

    <p class='ocr_par' dir='ltr' id='par_1_15' title="bbox 59 2557 1311 3519">
     <span class='ocr_line' id='line_1_21' title="bbox 226 2557 1269 2646; baseline 0.003 -22"><span class='ocrx_word' id='word_1_156' title='bbox 226 2562 313 2643; x_wconf 86' lang='grc' dir='ltr'><em>νηδς</em></span> <span class='ocrx_word' id='word_1_157' title='bbox 336 2561 426 2646; x_wconf 74' lang='grc' dir='ltr'><em>ἐμῆς</em></span> <span class='ocrx_word' id='word_1_158' title='bbox 448 2563 662 2641; x_wconf 77' lang='grc' dir='ltr'><em>ἐπιβᾶσαν,</em></span> <span class='ocrx_word' id='word_1_159' title='bbox 687 2557 787 2635; x_wconf 80' lang='grc' dir='ltr'><em>ὅπως</em></span> <span class='ocrx_word' id='word_1_160' title='bbox 809 2566 848 2623; x_wconf 90' lang='grc' dir='ltr'>τί</span> <span class='ocrx_word' id='word_1_161' title='bbox 862 2584 925 2641; x_wconf 89' lang='grc' dir='ltr'><em>μοι</em></span> <span class='ocrx_word' id='word_1_162' title='bbox 947 2559 1058 2642; x_wconf 79' lang='grc' dir='ltr'><em>όίλγος</em></span> <span class='ocrx_word' id='word_1_163' title='bbox 1079 2562 1269 2635; x_wconf 81' lang='grc' dir='ltr'><em>α’λόλκοις.</em></span> 
     </span>
     <span class='ocr_line' id='line_1_22' title="bbox 59 2685 1270 2769; baseline -0.001 -17"><span class='ocrx_word' id='word_1_164' title='bbox 59 2702 62 2707; x_wconf 86' lang='grc'><strong>’</strong></span> <span class='ocrx_word' id='word_1_165' title='bbox 97 2690 215 2766; x_wconf 87' lang='lat' dir='ltr'>Itaque</span> <span class='ocrx_word' id='word_1_166' title='bbox 252 2705 351 2769; x_wconf 84' lang='lat' dir='ltr'>neque</span> <span class='ocrx_word' id='word_1_167' title='bbox 389 2687 501 2748; x_wconf 80' lang='lat' dir='ltr'>iratum</span> <span class='ocrx_word' id='word_1_168' title='bbox 536 2685 711 2764; x_wconf 86' lang='lat' dir='ltr'>Neptunum</span> <span class='ocrx_word' id='word_1_169' title='bbox 751 2704 850 2764; x_wconf 85' lang='lat' dir='ltr'>neque</span> <span class='ocrx_word' id='word_1_170' title='bbox 883 2685 1052 2749; x_wconf 77' lang='lat' dir='ltr'>Minervam</span> <span class='ocrx_word' id='word_1_171' title='bbox 1085 2687 1270 2752; x_wconf 77' lang='lat' dir='ltr'>adiutricem</span> 
     </span>
     <span class='ocr_line' id='line_1_23' title="bbox 98 2793 1270 2878; baseline 0.001 -19"><span class='ocrx_word' id='word_1_172' title='bbox 98 2795 242 2860; x_wconf 91' lang='lat' dir='ltr'>inlibris</span> <span class='ocrx_word' id='word_1_173' title='bbox 266 2817 342 2872; x_wconf 87' lang='grc' dir='ltr'><em>ι--μ</em></span> <span class='ocrx_word' id='word_1_174' title='bbox 365 2794 545 2856; x_wconf 88' lang='lat' dir='ltr'>invenimus.</span> <span class='ocrx_word' id='word_1_175' title='bbox 585 2793 725 2855; x_wconf 82' lang='lat' dir='ltr'>Minerva</span> <span class='ocrx_word' id='word_1_176' title='bbox 748 2797 862 2869; x_wconf 80' lang='lat' dir='ltr'>autem,</span> <span class='ocrx_word' id='word_1_177' title='bbox 884 2810 961 2872; x_wconf 86' lang='lat' dir='ltr'>quae</span> <span class='ocrx_word' id='word_1_178' title='bbox 986 2801 1164 2873; x_wconf 79' lang='lat' dir='ltr'>propterea,</span> <span class='ocrx_word' id='word_1_179' title='bbox 1185 2797 1270 2878; x_wconf 89' lang='lat' dir='ltr'>quod</span> 
     </span>
     <span class='ocr_line' id='line_1_24' title="bbox 99 2898 1272 2980; baseline 0.002 -15"><span class='ocrx_word' id='word_1_180' title='bbox 99 2904 221 2965; x_wconf 84' lang='lat' dir='ltr'>iratum</span> <span class='ocrx_word' id='word_1_181' title='bbox 245 2901 426 2980; x_wconf 79' lang='lat' dir='ltr'>Neptunum</span> <span class='ocrx_word' id='word_1_182' title='bbox 450 2901 628 2978; x_wconf 75' lang='lat' dir='ltr'>annuisset,</span> <span class='ocrx_word' id='word_1_183' title='bbox 656 2919 689 2963; x_wconf 89' lang='lat' dir='ltr'>se</span> <span class='ocrx_word' id='word_1_184' title='bbox 717 2901 743 2963; x_wconf 87' lang='lat' dir='ltr'>ei</span> <span class='ocrx_word' id='word_1_185' title='bbox 775 2918 835 2962; x_wconf 87' lang='lat' dir='ltr'>non</span> <span class='ocrx_word' id='word_1_186' title='bbox 859 2898 1013 2975; x_wconf 75' lang='lat' dir='ltr'>adfuisse,</span> <span class='ocrx_word' id='word_1_187' title='bbox 1043 2901 1072 2964; x_wconf 93' lang='lat' dir='ltr'>in</span> <span class='ocrx_word' id='word_1_188' title='bbox 1095 2901 1201 2966; x_wconf 84' lang='lat' dir='ltr'>Ithaca</span> <span class='ocrx_word' id='word_1_189' title='bbox 1230 2903 1272 2966; x_wconf 88' lang='lat' dir='ltr'>ad</span> 
     </span>
     <span class='ocr_line' id='line_1_25' title="bbox 103 3007 1311 3090; baseline -0.005 -17"><span class='ocrx_word' id='word_1_190' title='bbox 103 3009 227 3074; x_wconf 85' lang='lat' dir='ltr'>Ulixem</span> <span class='ocrx_word' id='word_1_191' title='bbox 251 3008 334 3088; x_wconf 73' lang='lat' dir='ltr'>llicit,</span> <span class='ocrx_word' id='word_1_192' title='bbox 358 3008 466 3070; x_wconf 81' lang='lat' dir='ltr'>eadem</span> <span class='ocrx_word' id='word_1_193' title='bbox 490 3014 565 3085; x_wconf 81' lang='lat' dir='ltr'>tuni,</span> <span class='ocrx_word' id='word_1_194' title='bbox 589 3026 654 3070; x_wconf 86' lang='lat' dir='ltr'>cum</span> <span class='ocrx_word' id='word_1_195' title='bbox 679 3008 708 3069; x_wconf 93' lang='lat' dir='ltr'>in</span> <span class='ocrx_word' id='word_1_196' title='bbox 732 3007 833 3070; x_wconf 89' lang='lat' dir='ltr'>insula</span> <span class='ocrx_word' id='word_1_197' title='bbox 856 3007 976 3087; x_wconf 77' lang='lat' dir='ltr'>Ogygia</span> <span class='ocrx_word' id='word_1_198' title='bbox 999 3007 1050 3070; x_wconf 92' lang='lat' dir='ltr'>ille</span> <span class='ocrx_word' id='word_1_199' title='bbox 1074 3015 1165 3088; x_wconf 86' lang='lat' dir='ltr'>esset,</span> <span class='ocrx_word' id='word_1_200' title='bbox 1188 3008 1273 3090; x_wconf 89' lang='lat' dir='ltr'>Nep·</span> <span class='ocrx_word' id='word_1_201' title='bbox 1307 3060 1311 3067; x_wconf 89' lang='lat'>.</span> 
     </span>
     <span class='ocr_line' id='line_1_26' title="bbox 104 3113 1274 3192; baseline -0.002 -12"><span class='ocrx_word' id='word_1_202' title='bbox 104 3125 214 3180; x_wconf 94' lang='lat' dir='ltr'>tunum</span> <span class='ocrx_word' id='word_1_203' title='bbox 239 3117 265 3178; x_wconf 85' lang='lat' dir='ltr'>ei</span> <span class='ocrx_word' id='word_1_204' title='bbox 296 3115 426 3177; x_wconf 81' lang='lat' dir='ltr'>iratum</span> <span class='ocrx_word' id='word_1_205' title='bbox 434 3133 500 3176; x_wconf 84' lang='lat' dir='ltr'>esse</span> <span class='ocrx_word' id='word_1_206' title='bbox 525 3115 669 3192; x_wconf 84' lang='lat' dir='ltr'>nescivit,</span> <span class='ocrx_word' id='word_1_207' title='bbox 642 3114 755 3177; x_wconf 80' lang='lat' dir='ltr'>tsesl</span> <span class='ocrx_word' id='word_1_208' title='bbox 778 3114 886 3177; x_wconf 80' lang='lat' dir='ltr'>lavem</span> <span class='ocrx_word' id='word_1_209' title='bbox 910 3114 976 3177; x_wconf 91' lang='lat' dir='ltr'>eius</span> <span class='ocrx_word' id='word_1_210' title='bbox 997 3113 1184 3178; x_wconf 87' lang='lat' dir='ltr'>calamitatis</span> <span class='ocrx_word' id='word_1_211' title='bbox 1206 3133 1274 3178; x_wconf 92' lang='lat' dir='ltr'>esse</span> 
     </span>
     <span class='ocr_line' id='line_1_27' title="bbox 104 3219 1273 3305; baseline -0.002 -18"><span class='ocrx_word' id='word_1_212' title='bbox 104 3231 333 3302; x_wconf 83' lang='lat' dir='ltr'>aucturempu</span> <span class='ocrx_word' id='word_1_213' title='bbox 314 3224 434 3285; x_wconf 72' lang='lat' dir='ltr'>munit:</span> <span class='ocrx_word' id='word_1_214' title='bbox 459 3223 493 3296; x_wconf 78' lang='lat' dir='ltr'>(a</span> <span class='ocrx_word' id='word_1_215' title='bbox 515 3220 625 3285; x_wconf 72' lang='grc' dir='ltr'>63ῑ.</span> <span class='ocrx_word' id='word_1_216' title='bbox 672 3220 811 3284; x_wconf 85' lang='grc' dir='ltr'><em>.&gt;τίνό</em></span> <span class='ocrx_word' id='word_1_217' title='bbox 834 3219 864 3283; x_wconf 82' lang='grc' dir='ltr'><em>οἱ</em></span> <span class='ocrx_word' id='word_1_218' title='bbox 884 3220 983 3284; x_wconf 89' lang='grc' dir='ltr'><em>τόσον</em></span> <span class='ocrx_word' id='word_1_219' title='bbox 1005 3219 1137 3284; x_wconf 75' lang='grc' dir='ltr'><em>ω’δύσαο</em></span> <span class='ocrx_word' id='word_1_220' title='bbox 1158 3221 1273 3305; x_wconf 53' lang='lat' dir='ltr'>Zeta)</span> 
     </span>
     <span class='ocr_line' id='line_1_28' title="bbox 105 3328 1274 3412; baseline -0.002 -17"><span class='ocrx_word' id='word_1_221' title='bbox 105 3331 336 3410; x_wconf 80' lang='lat' dir='ltr'>Erroribusqm</span> <span class='ocrx_word' id='word_1_222' title='bbox 354 3329 413 3391; x_wconf 93' lang='lat' dir='ltr'>iam</span> <span class='ocrx_word' id='word_1_223' title='bbox 429 3347 528 3409; x_wconf 88' lang='lat' dir='ltr'>paene</span> <span class='ocrx_word' id='word_1_224' title='bbox 550 3328 646 3391; x_wconf 91' lang='lat' dir='ltr'>finitis</span> <span class='ocrx_word' id='word_1_225' title='bbox 669 3347 705 3391; x_wconf 82' lang='lat' dir='ltr'>ex</span> <span class='ocrx_word' id='word_1_226' title='bbox 723 3328 800 3392; x_wconf 82' lang='lat' dir='ltr'>June</span> <span class='ocrx_word' id='word_1_227' title='bbox 822 3329 955 3408; x_wconf 79' lang='lat' dir='ltr'>primum</span> <span class='ocrx_word' id='word_1_228' title='bbox 978 3328 1096 3392; x_wconf 85' lang='lat' dir='ltr'>audivit</span> <span class='ocrx_word' id='word_1_229' title='bbox 1114 3328 1274 3412; x_wconf 70' lang='lat' dir='ltr'>(anessa,</span> 
     </span>
     <span class='ocr_line' id='line_1_29' title="bbox 62 3436 747 3519; baseline -0.006 -16"><span class='ocrx_word' id='word_1_230' title='bbox 62 3465 69 3474; x_wconf 95' lang='lat'>·</span> <span class='ocrx_word' id='word_1_231' title='bbox 105 3438 471 3519; x_wconf 82' lang='lat' dir='ltr'>Neptunum&#39;auetmem</span> <span class='ocrx_word' id='word_1_232' title='bbox 495 3453 563 3498; x_wconf 89' lang='lat' dir='ltr'>esse</span> <span class='ocrx_word' id='word_1_233' title='bbox 584 3436 747 3499; x_wconf 84' lang='lat' dir='ltr'>malarum.</span> 
     </span>
    </p>
   </div>
   <div class='ocr_carea' id='block_1_9' title="bbox 196 3558 823 3640">
    <p class='ocr_par' dir='ltr' id='par_1_16' title="bbox 196 3558 823 3640">
     <span class='ocr_line' id='line_1_30' title="bbox 196 3558 823 3640; baseline -0.002 -16"><span class='ocrx_word' id='word_1_234' title='bbox 196 3561 274 3624; x_wconf 86' lang='lat' dir='ltr'>Eece</span> <span class='ocrx_word' id='word_1_235' title='bbox 297 3579 410 3640; x_wconf 80' lang='lat' dir='ltr'>magna</span> <span class='ocrx_word' id='word_1_236' title='bbox 434 3561 645 3624; x_wconf 86' lang='lat' dir='ltr'>inventionum</span> <span class='ocrx_word' id='word_1_237' title='bbox 669 3558 823 3623; x_wconf 78' lang='lat' dir='ltr'>confusia!</span> 
     </span>
    </p>
   </div>
   <div class='ocr_carea' id='block_1_10' title="bbox 10 3683 1322 3983">
    <p class='ocr_par' dir='ltr' id='par_1_17' title="bbox 10 3683 1322 3983">
     <span class='ocr_line' id='line_1_31' title="bbox 108 3683 1322 3772; baseline -0.005 -20"><span class='ocrx_word' id='word_1_238' title='bbox 108 3687 218 3752; x_wconf 82' lang='lat' dir='ltr'>Ulixes</span> <span class='ocrx_word' id='word_1_239' title='bbox 239 3692 303 3749; x_wconf 86' lang='lat' dir='ltr'>tmn</span> <span class='ocrx_word' id='word_1_240' title='bbox 328 3686 459 3764; x_wconf 90' lang='lat' dir='ltr'>deumm,</span> <span class='ocrx_word' id='word_1_241' title='bbox 485 3685 538 3748; x_wconf 89' lang='lat' dir='ltr'>ubi</span> <span class='ocrx_word' id='word_1_242' title='bbox 560 3691 633 3748; x_wconf 88' lang='lat' dir='ltr'>ante</span> <span class='ocrx_word' id='word_1_243' title='bbox 651 3684 782 3748; x_wconf 91' lang='lat' dir='ltr'>insulam</span> <span class='ocrx_word' id='word_1_244' title='bbox 803 3683 959 3748; x_wconf 81' lang='lat' dir='ltr'>Scheriam</span> <span class='ocrx_word' id='word_1_245' title='bbox 978 3684 1173 3763; x_wconf 80' lang='lat' dir='ltr'>naufragium</span> <span class='ocrx_word' id='word_1_246' title='bbox 1192 3683 1276 3761; x_wconf 87' lang='lat' dir='ltr'>facit,</span> <span class='ocrx_word' id='word_1_247' title='bbox 1318 3760 1322 3772; x_wconf 24' lang='grc' dir='ltr'>ἱ</span> 
     </span>
     <span class='ocr_line' id='line_1_32' title="bbox 106 3790 1277 3874; baseline -0.004 -15"><span class='ocrx_word' id='word_1_248' title='bbox 106 3799 190 3860; x_wconf 81' lang='lat' dir='ltr'>inam</span> <span class='ocrx_word' id='word_1_249' title='bbox 222 3794 357 3874; x_wconf 88' lang='lat' dir='ltr'>Neptuni</span> <span class='ocrx_word' id='word_1_250' title='bbox 389 3794 417 3856; x_wconf 92' lang='lat' dir='ltr'>iu</span> <span class='ocrx_word' id='word_1_251' title='bbox 451 3811 483 3855; x_wconf 90' lang='lat' dir='ltr'>se</span> <span class='ocrx_word' id='word_1_252' title='bbox 514 3790 693 3855; x_wconf 79' lang='lat' dir='ltr'>conversam</span> <span class='ocrx_word' id='word_1_253' title='bbox 724 3809 790 3854; x_wconf 90' lang='lat' dir='ltr'>esse</span> <span class='ocrx_word' id='word_1_254' title='bbox 815 3797 1005 3870; x_wconf 79' lang='lat' dir='ltr'>compertum</span> <span class='ocrx_word' id='word_1_255' title='bbox 1046 3791 1139 3855; x_wconf 87' lang='lat' dir='ltr'>habet</span> <span class='ocrx_word' id='word_1_256' title='bbox 1167 3794 1194 3869; x_wconf 82' lang='grc' dir='ltr'><em>(ε</em></span> <span class='ocrx_word' id='word_1_257' title='bbox 1216 3791 1277 3854; x_wconf 72' lang='grc'>433</span> 
     </span>
     <span class='ocr_line' id='line_1_33' title="bbox 10 3894 1277 3983; baseline -0.005 -17"><span class='ocrx_word' id='word_1_258' title='bbox 10 3966 16 3977; x_wconf 79' lang='grc'><strong>,</strong></span> <span class='ocrx_word' id='word_1_259' title='bbox 108 3894 189 3966; x_wconf 84' lang='grc' dir='ltr'><em>οἶδα</em></span> <span class='ocrx_word' id='word_1_260' title='bbox 208 3902 269 3983; x_wconf 79' lang='grc' dir='ltr'>γδρ</span> <span class='ocrx_word' id='word_1_261' title='bbox 286 3898 328 3974; x_wconf 76' lang='grc' dir='ltr'>ὥς</span> <span class='ocrx_word' id='word_1_262' title='bbox 341 3923 394 3981; x_wconf 90' lang='grc' dir='ltr'><em>μοι</em></span> <span class='ocrx_word' id='word_1_263' title='bbox 416 3898 605 3962; x_wconf 73' lang='grc' dir='ltr'><em>όδοόδνσται</em></span> <span class='ocrx_word' id='word_1_264' title='bbox 624 3900 738 3972; x_wconf 82' lang='grc' dir='ltr'><em>κλοτδς</em></span> <span class='ocrx_word' id='word_1_265' title='bbox 759 3896 989 3979; x_wconf 85' lang='grc' dir='ltr'><em>ἐννοσίγαιος.),</em></span> <span class='ocrx_word' id='word_1_266' title='bbox 1011 3916 1110 3978; x_wconf 84' lang='lat' dir='ltr'>neque</span> <span class='ocrx_word' id='word_1_267' title='bbox 1127 3897 1277 3976; x_wconf 82' lang='lat' dir='ltr'>Minerva,</span> 
     </span>
    </p>
   </div>
   <div class='ocr_carea' id='block_1_11' title="bbox 110 4057 310 4066">
    <p class='ocr_par' dir='ltr' id='par_1_18' title="bbox 110 4057 310 4066">
     <span class='ocr_line' id='line_1_34' title="bbox 110 4057 310 4066; baseline -0.01 -2"><span class='ocrx_word' id='word_1_268' title='bbox 110 4057 310 4066; x_wconf 74' lang='lat'>—...--—..--.</span> 
     </span>
    </p>
   </div>
   <div class='ocr_carea' id='block_1_12' title="bbox 186 4135 682 4208">
    <p class='ocr_par' dir='ltr' id='par_1_19' title="bbox 186 4135 682 4208">
     <span class='ocr_line' id='line_1_35' title="bbox 186 4135 682 4208; baseline -0.004 -15"><span class='ocrx_word' id='word_1_269' title='bbox 186 4143 211 4208; x_wconf 84' lang='lat'>1)</span> <span class='ocrx_word' id='word_1_270' title='bbox 230 4141 283 4193; x_wconf 77' lang='lat' dir='ltr'>cfr.</span> <span class='ocrx_word' id='word_1_271' title='bbox 302 4141 488 4192; x_wconf 80' lang='lat' dir='ltr'>Duenlzeium</span> <span class='ocrx_word' id='word_1_272' title='bbox 505 4139 522 4191; x_wconf 91' lang='lat' dir='ltr'>l.</span> <span class='ocrx_word' id='word_1_273' title='bbox 542 4135 559 4188; x_wconf 92' lang='lat' dir='ltr'>l.</span> <span class='ocrx_word' id='word_1_274' title='bbox 579 4154 605 4203; x_wconf 92' lang='lat' dir='ltr'>p.</span> <span class='ocrx_word' id='word_1_275' title='bbox 625 4140 682 4191; x_wconf 73' lang='lat'>424.</span> 
     </span>
    </p>
   </div>
   <div class='ocr_carea' id='block_1_13' title="bbox 0 0 1530 4846">
    <p class='ocr_par' dir='ltr' id='par_1_20' title="bbox 0 0 1530 4846">
     <span class='ocr_line' id='line_1_36' title="bbox 0 0 1530 4846; baseline 0 0"><span class='ocrx_word' id='word_1_276' title='bbox 0 0 1530 4846; x_wconf 95' lang='lat' dir='ltr'> </span> 
     </span>
    </p>
   </div>
  </div>
 </body>
</html>
