2992 4846
717 266 759 326 oo

244 437 391 519 Itaque
420 447 663 520 μενεαίνων
691 443 761 506 hoc
789 444 876 505 loco
910 459 987 504 non
1022 440 1191 518 ‚iratum
1226 443 1322 503 esse’

162 548 230 607 sed
257 546 456 625 ,cupidum
480 551 580 610 esse’
606 550 840 628 significat.
881 548 933 612 Ad
955 546 1195 626 palimpsestum
1220 553 1324 610 autem

162 652 320 732 Syriacum
350 662 384 716 nt
411 656 518 733 paucis
553 664 708 732 revertar,
740 656 854 718 dixerit
880 655 1031 734 quispiam
1060 654 1144 716 hunc
1183 653 1326 734 quamvis

161 762 403 823 vetustissimum
426 761 531 824 Iliadis
560 763 696 825 codicem
719 761 794 824 nihil
816 760 982 824 admodum
1007 759 1110 822 valere
1136 759 1178 822 ad
1207 766 1325 823 textum

161 866 395 929 restituendum.
439 867 546 948 Neque
567 868 646 947 fugit
668 887 727 945 me,
748 868 823 950 quid
847 867 886 929 de
907 866 965 930 hoc
986 867 1090 929 codice
1113 866 1324 929 iudicaverint

162 973 335 1036 doctissimi
367 975 424 1035 tiri
458 975 542 1037 Imm.
572 975 733 1038 Bekkerus
747 978 780 1055 ¹),
811 974 1034 1052 (1165666661),
1063 972 1110 1035 La
1141 972 1324 1050 1106161653),

161 1078 319 1160 Kayserus
330 1081 373 1160 ⁴),
407 1081 469 1144 alii.
520 1081 624 1144 Nihilo
654 1090 755 1144 tumen
788 1083 888 1144 secius
931 1098 1115 1160 persuasum
1152 1079 1257 1142 liabeo
1295 1080 1324 1142 in

161 1187 364 1268 palimpsesto
400 1188 484 1250 illum
514 1207 635 1251 versum
670 1197 754 1252 recte
785 1197 944 1252 serratum
978 1206 1055 1250 essu.
1107 1185 1245 1250 Omnino
1278 1186 1325 1249 hic

162 1295 259 1357 codex
274 1296 444 1375 rescriptns
458 1296 539 1358 inter
554 1295 632 1358 3837
648 1314 765 1371 versus,
786 1313 863 1376 quos
882 1296 1029 1371 continet,
1047 1299 1202 1373 quattuor
1220 1293 1326 1373 habet,

162 1403 267 1483 quiin
290 1401 429 1465 omnibns
448 1403 558 1465 ceteris
581 1403 736 1465 codicibus
758 1403 881 1465 desunt.
919 1402 1055 1478 Quorum
1072 1419 1224 1463 versuum
1246 1418 1328 1462 unus

162 1510 258 1588 ((1197
275 1512 306 1571 in
330 1509 545 1590 palimpsesto)
568 1509 625 1572 hoc
644 1516 764 1570 tuntum
786 1509 854 1571 loco
876 1510 906 1570 in
922 1508 1055 1570 Homero
1077 1508 1206 1587 legitur,
1231 1507 1328 1570 ceteri

163 1624 266 1679 autem
291 1634 398 1678 vorsus
418 1616 459 1679 ad
481 1618 610 1679 iteratos
631 1617 797 1696 portinent,
822 1621 856 1678 Χ
869 1617 992 1679 aot-8
1012 1622 1043 1677 et
1064 1619 1097 1676 X
1114 1613 1214 1696 (tob).
1260 1613 1331 1690 Qua

164 1741 201 1786 ex
229 1743 262 1786 re
290 1741 364 1786 sane
396 1742 456 1785 non
483 1731 587 1803 potest
622 1722 760 1785 concludi
791 1724 895 1803 inepte
923 1723 1072 1784 insertum
1100 1739 1169 1784 esse
1193 1727 1229 1783 X
1250 1721 1330 1784 10¹³.

164 1829 244 1894 Nam
268 1831 374 1910 optimi
398 1848 518 1911 quoque
545 1829 664 1892 codices
686 1847 723 1891 ex
745 1829 884 1892 versibus
916 1829 1038 1891 iteratis
1058 1827 1138 1890 auus
1158 1827 1240 1890 alios
1263 1847 1331 1890 ser·

164 1945 326 2001 taverunt.
369 1940 413 2000 Ac
433 1955 532 1999 nonne
557 1937 633 1998 acleo
657 1937 760 1999 omisit
781 1936 999 2015 paliuipsestus
1027 1933 1190 1997 nonnullos
1220 1953 1332 1999 versus

165 2055 343 2124 suspectos,
372 2062 452 2125 quos
482 2042 553 2107 boui
583 2042 704 2106 codices
732 2042 869 2105 habent?
892 2077 928 2086 -
952 2041 1034 2106 Utut
1061 2048 1123 2121 est,
1154 2058 1219 2102 uou
1252 2041 1331 2103 mihi

165 2151 347 2233 probantur,
371 2168 453 2232 quae
475 2150 512 2211 ad
534 2155 569 2212 X
581 2151 618 2212 10
634 2149 766 2212 adnotat
788 2149 820 2211 (l.
838 2151 872 2211 Α.
888 2148 917 2211 J.
935 2147 1190 2226 flouniannuso:
1215 2147 1334 2227 „Nacli

165 2264 206 2323 10
227 2260 281 2322 161
296 2259 348 2340 Sy.
370 2260 430 2322 den
451 2257 625 2338 11669666
646 2257 868 2336 unpassenden
885 2256 982 2319 Vcrs:
1005 2254 1096 2316 ’11166
1117 2232 1336 2330 ἐξαὶαπάξαι

166 2367 354 2445 ἐυκτίμενον
384 2365 590 2444 πτολίεθρον.
633 2363 738 2429 1161166
765 2367 943 2444 μενεαίνεις
971 2366 1013 2426 ist
1038 2361 1134 2424 kattm
1158 2368 1261 2424 616663
1291 2384 1335 2426 zu

166 2479 337 2553 669616666;
360 2472 539 2552 6396111166
560 2472 675 2535 diesem
697 2470 989 2550 Znsummeudnnpe
1011 2471 1043 2530 iu
1067 2469 1119 2531 die
1137 2467 1333 2550 Bedeutuup

164 2601 224 2645 666
246 2582 378 2662 ἐφέπεις
397 2577 539 2660 111166·“1).

235 2732 260 2796 1)
279 2730 388 2783 Homer.
408 2729 514 2783 Blatter
533 2730 554 2791 Ι,
575 2730 717 2783 114-122.

235 2818 262 2884 2)
281 2815 378 2869 Philol.
398 2815 459 2878 Vll,
479 2834 502 2883 p
526 2817 650 2869 181-90.

235 2902 262 2972 3)
282 2901 329 2956 Die
347 2902 450 2955 homer.
471 2901 634 2956 Textkritik.
670 2902 782 2972 Leipzig
800 2902 875 2955 1866.
894 2918 921 2968 p.
936 2900 1046 2954 tsi-8.

234 2992 260 3055 t)
281 2988 415 3056 Philolog.
436 2989 510 3043 1855.
529 3006 555 3056 p.
578 2992 633 3051 145,
655 2989 710 3052 193,
731 2990 789 3050 313,
810 2989 868 3041 315.

237 3076 263 3141 5)
283 3073 567 3143 Einundzwanzigstes
588 3075 644 3127 und
668 3073 968 3142 zweiuudzwanzigstes
991 3072 1067 3125 Buoh
1088 3072 1123 3141 (111
1142 3071 1198 3123 und
1218 3074 1256 3139 X)
1282 3072 1336 3126 der

168 3159 240 3213 Ilias.
277 3158 418 3214 Clausthal
439 3160 512 3213 1864.
533 3161 565 3214 ΙΙ.
588 3179 611 3228 p.
632 3162 664 3213 59
685 3162 784 3213 Aduot.

236 3243 334 3314 6)(116,
358 3244 445 3298 etiam
469 3245 502 3298 Κ.
527 3245 571 3298 W.
595 3245 746 3314 Kayserum
770 3244 868 3299 Philol
894 3245 918 3296 X
945 3245 1024 3306 1855,
1054 3261 1081 3311 p.
1109 3243 1171 3296 150:
1200 3244 1334 3307 „Ebenso

168 3332 253 3400 666619
272 3338 408 3400 9666166,
433 3334 630 3400 6666631661
648 3333 745 3386 XXII
759 3337 795 3386 10
817 3332 865 3385 der
888 3320 954 3383 Vers
972 3331 1056 3398 16191,
1079 3329 1131 3382 deri
1155 3331 1206 3382 wir
1225 3331 1278 3383 IV
1295 3337 1335 3386 32

163 3418 258 3486 solpen
276 3419 361 3471 661166.
390 3422 566 3487 ,4696666666
584 3421 622 3472 ist
641 3435 677 3472 66
695 3419 784 3472 dieser
804 3419 883 3472 Stella
899 3417 943 3470 die
958 3416 1057 3485 Frape,
1075 3417 1124 3469 mit
1140 3414 1253 3468 66616166
1271 3417 1334 3470 siclt

171 3503 242 3557 Zeus
264 3505 537 3567 666116666666161,
563 3505 648 3559 durch
668 3506 777 3560 welches
801 3505 935 3573 16696166
953 3502 1023 3556 61666
1041 3502 1171 3554 Priamus
1193 3499 1334 3556 66616616

171 3590 325 3645 Geschleelit
349 3590 626 3646 6166616601111616
651 3592 735 3644 einem
754 3609 784 3645 so
808 3592 895 3645 1161666
915 3588 1238 3655 6666166616911161166,
1262 3587 1333 3642 dass

168 3677 301 3730 61611166
326 3693 359 3729 zu
383 3682 516 3730 zeratdren
538 3680 626 3731 suche.
667 3678 702 3730 In
724 3677 773 3732 der
797 3676 872 3732 116616
894 3675 1017 3744 Apollo’s
1040 3674 1140 3728 XXII
1160 3677 1196 3739 10
1218 3674 1255 3726 ist
1281 3673 1332 3726 der

172 3761 275 3816 Zuante
294 3761 476 3831 widersinnip.
507 3763 587 3816 Demi
604 3763 652 3817 6166
671 3764 764 3818 Pelide
782 3766 818 3818 ist
835 3779 865 3818 so
885 3765 946 3816 weit
964 3762 1082 3831 carseo-nt
1098 3760 1184 3813 durch
1202 3759 1333 3813 61161766·-

167 3847 284 3918 folpunp
302 3848 348 3903 des
368 3847 463 3903 (161166
481 3848 531 3903 den
550 3851 823 3903 1166166666661666
840 3848 897 3902 und
915 3848 964 3901 den
987 3844 1333 3916 116166966911666816611

169 3951 203 3989 66
223 3935 438 4004 16661616661966,
464 3935 601 3990 (16661166
620 3937 667 3989 der
688 3938 754 3992 Gott
772 3938 807 3989 im
828 3935 984 4005 (1696611611
1001 3933 1142 3999 vorroirft,
1160 3932 1209 3984 wie
1229 3947 1257 3983 er
1277 3931 1332 3986 6166

170 4024 298 4076 6116166166
317 4022 373 4075 und
391 4023 584 4090 erfolpreicliee
600 4023 713 4092 Kumpf
728 4039 809 4092 96966
827 4021 871 4074 die
892 4021 975 4072 Troer
993 4019 1157 4087 auspepeben
1176 4017 1256 4079 16116,
1284 4035 1331 4071 um

171 4108 309 4178 verpebens
327 4125 409 4178 96966
434 4111 480 4163 idn
498 4109 548 4162 deu
571 4109 782 4170 Unsterbliehen,
807 4110 865 4161 sein
890 4106 1078 4175 Woffenpidels
1102 4120 1136 4156 66
1154 4103 1329 4157 6666661661.
