2992 4846
680 335 718 396 29

197 508 363 574 Medium
393 511 701 576 ἀεικίσσασθαι
734 511 792 575 hoc
820 514 892 578 ioco·
910 533 948 578 ex
976 516 1085 579 eodem
1106 515 1192 580 tonte
1214 513 1273 581 fiu-

113 616 198 679 uisse
223 616 351 697 videtur,
373 635 410 680 ex
425 636 486 698 quo
508 617 821 699 ἀεικισσαίμεθ’
843 618 1003 694 ἑλόντες
1025 623 1055 685 in
1076 625 1275 705 nasa-61,

115 722 166 786 ubi
189 724 321 787 modium
344 743 402 804 pro
423 725 524 790 activo
545 727 689 806 positum,
716 726 885 808 eademque
908 728 1005 793 forma
1027 730 1057 792 in
1080 730 1179 794 tribus
1204 749 1275 797 con·
1351 788 1354 795 .

114 831 210 894 tinuis
233 829 372 894 versibus
395 838 438 908 tv.
461 831 640 913 asa—eal)
663 837 713 896 ter
735 833 870 896 occurit:

137 941 196 1000 559
219 933 414 1020 Σαρπηδών.
457 935 528 999 a’tt’
549 936 584 1000 εἴ
602 960 657 1018 μιν
677 937 987 1020 ἀεικισσαίμεθ’
1006 939 1141 1019 ἑλόντες,

134 1043 196 1108 560
218 1040 338 1123 τεύχεσί
359 1042 387 1104 τ’
408 1037 522 1124 ὤμοιιν
537 1043 560 1106 α’
570 1044 806 1127 φελοίμεθα
817 1093 826 1124 ,
846 1050 904 1109 καί
921 1045 980 1109 τιν’
999 1045 1136 1131 ἑταίρων

139 1152 196 1215 561
223 1132 328 1213 αὐτοῦ
346 1148 561 1233 α’μονομένοιν
582 1151 897 1233 δαμασαίμεθα
919 1153 1006 1237 νηλέι
1026 1156 1143 1237 χαλκῷ.

196 1280 285 1345 Unde
303 1281 364 1346 iarn
384 1282 542 1362 proditur,
565 1282 595 1346 ni
617 1282 721 1373 fallor,
744 1283 893 1347 imitator.
940 1285 982 1349 Et
1004 1285 1042 1350 de
1064 1287 1164 1350 medio
1186 1287 1272 1351 verbi

95 1387 209 1470 <duaci
238 1389 267 1451 in
290 1387 387 1452 Iliade
415 1395 566 1479 usurpato
589 1389 732 1454 consulas
762 1389 852 1453 velim
883 1373 976 1455 etiam
1006 1411 1086 1473 quae
1108 1393 1188 1458 infra
1211 1395 1274 1458 dixi

113 1494 157 1575 (p.
181 1494 315 1573 30-31)
344 1512 485 1576 quaeque
515 1496 553 1560 de
585 1496 629 1559 eis
659 1495 750 1574 iouia,
785 1497 898 1576 quibus
934 1498 1122 1579 Sarpedonis
1161 1519 1272 1565 nomen

114 1603 264 1682 occurrit,
285 1601 431 1665 adnotari
454 1603 499 1682 (p.
521 1606 555 1665 31
581 1608 612 1666 et
632 1607 697 1681 40).

197 1708 258 1771 iam
278 1726 350 1771 vero
372 1708 493 1787 singula
516 1727 755 1790 percenseamus
776 1711 806 1773 in
830 1715 864 1773 X
884 1713 1058 1777 aso-404.

197 1814 238 1877 Et
258 1832 379 1878 vorsum
403 1820 477 1879 395:

210 1910 231 2008 ή
251 1923 292 2004 ῥα
313 1922 367 1984 καὶ
377 1919 514 2002 Ἕκτορα
536 1920 608 1985 δῖον
630 1922 742 1985 οίεικέα
761 1921 916 2008 μήδετο
937 1924 1021 2003 ἔργα.

115 2031 168 2109 qui
193 2035 225 2093 Ψ
241 2033 280 2092 24
301 2030 443 2106 iteratur,
476 2029 632 2108 exemplar
653 2027 747 2092 fnisse
769 2030 870 2093 versui
892 2030 933 2094 λθ
959 2030 1104 2094 carminis
1125 2034 1155 2093 Ω
1177 2027 1275 2112 (δςδ

113 2140 175 2216 μὲν
186 2133 325 2216 Ἕκτορα
345 2134 417 2198 δῖον
436 2135 573 2212 αἐίιιιζεν
585 2138 777 2216 μενεαίνων)
799 2136 904 2200 nescio
926 2142 965 2198 an
989 2143 1075 2200 lecte
1090 2136 1274 2201 divinaverit

113 2245 150 2308 n.
173 2243 407 2324 Peppmtillerus
430 2242 467 2324 ti.
489 2242 508 2306 i.
531 2260 560 2322 p.
581 2242 617 2306 16
640 2243 690 2320 s).
733 2243 886 2322 Equidem
908 2243 983 2322 quid
1010 2242 1047 2306 de
1069 2241 1180 2306 αἐικέα
1199 2244 1275 2325 ἔργα

113 2351 258 2430 cogitem,
279 2367 374 2429 supra
394 2367 423 2429 p.
447 2350 483 2413 21
510 2349 570 2411 iam
593 2349 671 2412 satis
693 2349 769 2412 mihi
789 2348 898 2412 videor
919 2348 1104 2413 ostendisse.
1147 2348 1274 2412 Accedit

113 2457 195 2538 quod
216 2457 340 2521 verbum
363 2453 586 2539 μήδεσθαι
607 2455 637 2518 in
659 2454 718 2519 hoc
739 2473 829 2519 uersu
855 2473 921 2519 cum
942 2456 1129 2521 accusativis
1149 2462 1182 2518 et
1203 2473 1274 2536 per-

113 2583 211 2629 sonae
233 2572 265 2628 et
285 2563 328 2626 rei
353 2563 548 2626 coniunctum
571 2567 629 2642 est,
651 2560 731 2626 sicut
751 2566 783 2624 K
800 2561 856 2625 dt:

178 2672 253 2751 ἔργα
275 2669 304 2732 δ’
320 2669 400 2749 ἔρεξ’
419 2664 485 2731 ὅσα
507 2668 590 2750 φημὶ
613 2667 795 2751 μελησέμεν·
814 2667 993 2749 Ἀργείοισιν

111 2781 154 2845 52
183 2775 275 2861 δηθοί
299 2775 409 2838 τεκαὶ
431 2773 569 2856 δολιχόν·
609 2771 709 2838 τόσα
728 2774 799 2857 γδρ
820 2772 927 2836 κακοί
948 2771 1084 2857 μήσατ’
1102 2773 1276 2855 Ἀχαιούς

193 2891 222 2949 K
241 2887 278 2950 51
304 2902 328 2949 s.
349 2891 452 2948 autem
475 2884 505 2946 in
528 2882 611 2946 Imm.
625 2881 759 2946 Bekkeri
780 2881 916 2945 editione
937 2886 1022 2945 recte
1045 2881 1176 2960 margini
1201 2881 1274 2947 sub-

109 2994 182 3058 iecti
214 2998 305 3070 sunt3
337 2991 458 3056 eosdem
480 2989 561 3055 Guii.
585 2987 738 3054 Christius
769 2988 802 3052 in
828 2987 901 3052 edit.
920 2987 1007 3052 Iliad.
1029 2988 1115 3052 uncis
1137 2988 1271 3054 inclusit.

108 3102 362 3182 supervacaneos
389 3097 469 3162 enim
501 3096 559 3161 hos
585 3113 693 3160 versus
723 3113 807 3176 esse,
836 3095 1092 3159 antecedentibus
1120 3094 1272 3182 docemur,

108 3195 321 3288 Agamemnon
344 3205 424 3269 enim
446 3205 485 3267 ad
504 3202 677 3268 Menelaum
699 3202 889 3266 deflectere
912 3201 987 3265 dicit
1007 3207 1039 3265 K
1044 3202 1082 3265 47
1097 3219 1158 3266 ss:

217 3314 275 3377 »ου’
294 3312 355 3395 γάρ
377 3335 430 3374 ποι
452 3308 579 3394 ἴδόμην,
601 3308 671 3372 οὐδ’
693 3309 804 3372 ἔκλαον
825 3307 1039 3391 αὐδήσαντος,
1148 3328 1151 3333 ·

216 3416 309 3504 ἄνδρ’
331 3420 389 3482 ἕνα
409 3417 556 3482 τοσσάδε
575 3415 705 3498 μέρμερ’
726 3416 780 3478 εἰτ’
803 3407 904 3501 ἤματι
924 3419 1141 3498 μητίσασθαι,

214 3523 470 3610 δσσ’Ἕκτοιρ
491 3526 633 3607 ἔρρεξε
655 3523 792 3606 διίφιλος
813 3512 886 3595 υἷας
905 3522 1036 3601 Ἀχαιῶν

155 3639 196 3700 50
217 3631 334 3708 οὕτως.
355 3629 433 3697 οὕτε
452 3635 537 3706 θεᾶς
557 3629 626 3705 vids
647 3630 739 3714 φίλος
760 3625 835 3694 οὔτε
853 3633 975 3692 θεοῖσι

109 3743 263 3824 Spectant
283 3740 460 3807 ista-verba
482 3739 565 3804 haud
595 3738 686 3802 dubie
712 3737 753 3801 ad
776 3755 882 3802 versus
903 3741 939 3799 Χ
959 3739 1018 3798 379
1040 3752 1079 3814 s,
1110 3732 1163 3815 qui
1185 3733 1271 3797 illum

111 3851 234 3932 ipsum,'
256 3849 295 3913 de
323 3866 382 3930 quo
404 3846 539 3928 disputa,
570 3863 693 3911 versum
715 3851 751 3909 X
768 3845 827 3909 395
850 3841 935 3908 brevi
959 3842 1062 3922 spatio
1080 3838 1272 3931 praecedunt

112 3956 229 4040 quique
250 3955 282 4019 hi
304 3960 393 4020 sunt:

184 4161 211 4230 1)
228 4160 313 4214 {tl—2
330 4157 495 4227 ἀθετοῦιται.
530 4158 571 4209 καί
588 4154 768 4228 Ἀριστοφάνης
782 4156 930 4227 προηθίτιι.
