2992 4846
772 271 814 334 74

204 447 307 511 multa
337 448 366 509 iu
389 452 418 510 Ω
449 466 485 510 ex
516 447 660 528 Odyssea
692 457 817 531 sumptu
848 452 979 515 inveniri
1008 471 1057 516 res
1085 454 1162 515 satis
1190 456 1383 535 pervulgata

200 559 261 617 est.
295 591 329 598 -
360 554 396 617 V.
427 555 552 619 50-54
581 554 691 636 Apollo
720 558 756 620 de
790 559 920 622 mirifica
950 560 1003 622 illa
1036 560 1222 624 crudelitate
1249 564 1383 628 Achillis

206 661 301 725 verba
317 661 401 726 lucit.
436 663 608 725 Damnandi
629 671 702 726 sunt
724 664 753 726 hi
774 683 1017 748 quoqueversus
1030 666 1062 748 ¹).
1093 667 1287 732 Dneutzerns
1311 673 1383 750 qui-

202 768 272 832 dem
297 788 325 832 v.
346 769 387 831 54
409 770 527 831 servari
551 769 634 847 vult,
663 789 763 850 nepue
784 771 812 833 irl
836 773 944 835 mirum
967 783 1034 849 est,
1064 775 1147 854 quod
1169 793 1197 838 v.
1228 779 1326 840 l—-l7
1353 779 1382 840 ei

201 893 264 938 nou
280 875 426 939 ridentur
445 877 543 955 spurii
561 895 639 940 csse.
677 879 717 940 At
742 896 797 941 cur
820 899 847 941 v.
863 883 901 941 22
922 899 1072 944 unacum
1092 881 1232 945 versibus
1253 884 1380 949 18-31

199 986 340 1062 eiecerit,
364 1002 425 1047 non
448 983 523 1047 eicit
537 984 572 1059 ²).

284 1090 346 1155 Sed
375 1099 410 1155 ut
444 1093 504 1154 ianr
533 1092 625 1154 huius
648 1092 839 1169 quaestionis
866 1080 954 1154 meae
984 1090 1074 1155 finem
1103 1092 1213 1156 faciam
1237 1099 1383 1159 —satis

199 1199 281 1262 enim
303 1200 485 1279 explanasse
511 1197 584 1261 mihi
607 1197 733 1274 videor,
760 1198 833 1278 quid
858 1198 959 1261 decis
982 1198 1057 1262 locis
1081 1201 1232 1279 seutiam,
1261 1205 1383 1281 quibus

202 1306 329 1370 verbum
343 1312 526 1387 perecrini-n·
545 1307 667 1383 ,iratum
688 1306 766 1368 esse’
787 1304 942 1384 significat
958 1340 997 1351 -
1013 1313 1157 1388 superest
1177 1314 1211 1371 ut
1231 1309 1385 1388 indicem,

199 1432 280 1496 quos
302 1431 411 1477 versus
441 1415 470 1476 in
494 1413 621 1475 ultimae
651 1411 835 1492 rhapsodine
858 1414 945 1476 initio
974 1413 1146 1478 servandos
1175 1433 1246 1482 esse
1267 1415 1382 1493 velim;

199 1539 262 1585 nou
294 1522 376 1604 quod
406 1527 528 1601 putem,
561 1519 615 1582 hos
639 1519 899 1610 tanrlerulversus
929 1520 969 1583 ab
1002 1522 1119 1600 optimo
1143 1522 1277 1586 Homero
1309 1543 1383 1588 esse

200 1626 318 1705 factos,
348 1629 402 1690 sed
426 1627 509 1708 quod
531 1636 603 1706 post
627 1643 771 1705 magnam
794 1625 1002 1690 confusionem
1026 1630 1256 1710 complanatam
1279 1633 1382 1698 unius

203 1740 317 1815 poetae
339 1752 418 1814 opus
441 1751 495 1796 cos
519 1751 587 1796 esse
609 1750 702 1812 posse
724 1732 877 1796 existimo.

282 1841 395 1920 Apollo
426 1859 482 1920 pro
511 1839 646 1904 Hectore
677 1840 862 1919 depreeatur
891 1841 936 1918 (v.
959 1839 1097 1921 33-49,
1127 1848 1257 1922 excepto
1282 1863 1313 1908 v.
1336 1847 1381 1910 45

197 1949 255 2031 qui
279 1949 412 2012 conciuit
434 1966 502 2010 curn
528 1946 655 2010 Hesiodi
676 1965 727 2025 op.
749 1943 833 2027 318).

280 2055 317 2118 Ei
340 2055 422 2119 Juuo
444 2054 510 2116 sola
531 2059 690 2132 repugnat
712 2050 753 2134 (v.
776 2050 927 2130 55-63).

280 2161 371 2225 Hane
393 2161 540 2241 luppiter
563 2159 764 2240 reprehendit
786 2162 832 2241 (v.
856 2158 1002 2239 til-70).

280 2267 443 2331 Thetidem
468 2266 614 2330 advocari
637 2266 724 2330 iubet
749 2267 908 2347 (ll-76).

282 2376 340 2439 Iris
361 2374 398 2436 de
420 2373 548 2437 deorum
567 2372 708 2437 consulto
727 2373 767 2436 ad
787 2372 946 2436 Thetidern
968 2373 1113 2438 nuntium
1130 2374 1191 2438 lert
1209 2373 1379 2458 (77-88).

282 2481 389 2544 Thetis
411 2481 443 2542 iu
465 2479 631 2561 Olympum
652 2481 737 2543 venit
760 2481 946 2562 (89—1002).

282 2588 431 2668 luppiter
449 2605 518 2650 cam
540 2588 641 2650 dicere
664 2586 751 2650 iubet
770 2587 889 2660 Achilli,
913 2588 987 2651 deos
1011 2589 1039 2651 ei
1064 2590 1160 2652 iratos
1181 2606 1258 2669 esse,
1286 2592 1378 2670 qnod

198 2694 343 2758 Hectoris
364 2711 476 2773 corpus
498 2692 622 2756 Priamo
646 2693 770 2756 tradere
793 2693 869 2756 nolit
892 2695 1048 2774 (103-6,
1073 2696 1216 2775 lid—9).

202 2815 395 2822 ——...——

268 2862 294 2930 1)
311 2861 344 2914 In
363 2860 463 2928 quibus
482 2859 547 2926 quid
567 2859 604 2913 sit
622 2861 690 2928 κωφή
708 2872 784 2926 γαῖα,
810 2860 962 2915 diiudicare
987 2879 1044 2915 non
1063 2863 1183 2930 audebo;
1212 2863 1259 2917 sed
1278 2867 1379 2919 oonl'er

195 2964 313 3017 quaese,
333 2964 403 3014 quae
421 2947 455 3000 de
473 2945 520 2999 his*
534 2945 675 2999 vocabulis
694 2947 820 3015 exposuit
841 2947 1050 3017 Peppmiillerus
1067 2949 1097 3018 (l.
1117 2950 1133 3003 l.
1154 2967 1178 3018 p.
1199 2950 1280 3016 392).

263 3052 290 3120 2)
311 3051 339 3104 lu
358 3049 479 3105 editione
498 3050 529 3103 ll,
549 3068 584 3103 vv
616 3051 718 3102 ‘ra-23
738 3051 866 3103 servavit.
