2992 4846
721 303 760 367 32

245 480 281 543 In
298 499 325 542 v.
342 484 401 543 464
421 479 548 541 δῶκεν
565 479 588 543 α’
596 486 678 543 εικί
683 488 876 547 σσασθαι
897 485 1038 549 similiter
1052 487 1224 554 coniuncta
1244 491 1328 556 vides

76 652 82 660 ,
164 605 200 651 ac
221 586 506 666 δαμάσασθαι
536 587 695 650 ἔδωκαν
725 592 755 653 in
780 610 807 653 v.
829 593 904 671 379,
936 593 1059 673 dequo
1086 597 1328 676 supradictum

163 699 211 758 est
230 713 260 774 p.
285 697 333 757 250.

243 801 404 864 Postremo
428 801 550 865 silentio
578 803 749 882 praeterire
770 821 905 886 nequeo,
934 805 1090 870 Naberum
1103 808 1124 889 ¹)
1151 829 1248 874 vorsu
1270 814 1329 876 393

164 914 300 972 veterem
320 907 444 971 Iliadem
467 908 505 970 ad
529 907 619 971 linem
642 907 806 973 adductam
828 929 895 974 esse
917 912 1111 978 existimasse
1121 915 1156 996 2).
1180 974 1188 995 ,

191 1058 193 1073 ι
246 1015 355 1094 Neque
372 1015 494 1095 quidem
514 1016 621 1094 negari
644 1022 748 1096 potest
768 1018 847 1079 lianc
869 1021 1053 1082 sententiam
1077 1022 1217 1099 quodum
1239 1025 1329 1088 modo

163 1139 231 1185 esse
252 1121 448 1201 probabilem.
483 1123 629 1185 Attamen
652 1129 763 1187 nostra
784 1129 889 1187 aetate
912 1124 968 1188 noc
991 1124 1056 1189 loco
1076 1136 1162 1192 certe
1182 1129 1329 1193 lemnon

163 1229 182 1292 ii
214 1228 445 1308 conspiciuntur
474 1246 599 1306 versus,
629 1229 682 1312 qui
709 1229 739 1293 in
771 1235 875 1293 vetere
906 1229 1002 1294 Iliade
1031 1235 1160 1297 extremi
1190 1235 1329 1302 inerunt.

164 1335 254 1413 Nam,
275 1341 311 1400 ut
328 1334 389 1399 ulia
408 1336 538 1414 mittam,
556 1336 615 1399 iam
636 1336 708 1400 illud
731 1334 858 1419 παιήων
871 1337 957 1418 (391)
974 1341 1178 1405 recentiorem
1197 1351 1328 1423 poetam

163 1441 276 1523 prodit,
300 1442 383 1523 qnod
406 1441 435 1506 h.
458 1441 477 1505 l.
502 1448 550 1507 est
570 1460 694 1506 carmen
716 1442 867 1506 bellicum.

244 1549 325 1614 Utnt
346 1557 409 1630 est,
439 1550 614 1613 etiamnunc
636 1567 695 1612 non
723 1548 837 1613 malum
858 1550 975 1615 exitum
1000 1550 1185 1619 haberemus
1211 1558 1329 1636 iliadis,

163 1659 188 1722 si
209 1655 349 1721 uersibus
370 1658 511 1721 nst-90
527 1656 681 1737 seclusis³)
705 1655 761 1720 hoc
782 1656 889 1719 ordine
907 1676 1015 1721 versus
1033 1677 1100 1722 sese
1124 1663 1330 1743 exciperent:

183 1764 241 1828 316
261 1763 318 1826 τδν
339 1762 629 1849 δ’ἐπεὶιέξενοίριξε
651 1762 816 1845 ποδάρκης
837 1762 905 1836 δῖος
928 1763 1091 1843 Ἀχιλλεύς,

185 1876 243 1934 377
267 1870 349 1944 στας
369 1870 404 1933 ἐν
425 1870 603 1950 Ἀχαιοῖσιν
626 1871 710 1931 ἔπεα
732 1871 900 1951 πτερόεντ’
921 1869 1082 1953 α’γόρενεν.

182 1981 242 2044 378
266 1967 312 2040 »οῗ
334 1977 420 2059 φίλοι
439 1978 580 2058 Ἀργείων
598 1975 747 2059 ἡγδτορες
768 1976 828 2063 ἠδὲ
843 1976 1006 2058 μέδοντες,

184 2087 243 2150 379
266 2085 339 2147 ἐπεὶ
361 2082 402 2166 δή
421 2080 510 2146 τόνδ’
528 2077 572 2146 ἄν
595 2083 657 2166 δρα
681 2083 753 2146 θεοὶ
777 2082 1000 2164 δαμάσασθαι
1019 2086 1153 2164 ἔδωκαν,

184 2195 245 2257 380
265 2190 299 2265 ὃς
318 2193 401 2254 κακοὶ
424 2190 517 2254 πόλλ’
539 2192 675 2274 ἔρρεξεν,
698 2187 747 2254 du'
770 2189 809 2253 οὐ
830 2191 1019 2272 σύμπαντες
1041 2190 1072 2255 οἱ
1093 2190 1194 2272 ἄλλοι,

184 2301 240 2363 391
266 2304 297 2362 εί
315 2299 343 2361 δ’
364 2295 414 2379 o‘c'y’
435 2297 600 2371 οἷείδοντες
617 2295 769 2381 παιήονα,
790 2301 897 2380 κοῦροι
917 2298 1063 2379 Ἀχαιῶν,

185 2407 245 2470 sila
267 2407 380 2489 νηυσὶν
402 2407 458 2467 ἔπι
478 2405 659 2488 γλαφυρῇσι
683 2404 847 2486 νεώμεθα,
868 2404 966 2470 τόνδε
987 2406 1016 2468 δ’
1037 2402 1195 2486 ὅγωμει·.«

230 2530 277 2593 Ad
300 2548 407 2599 versus
431 2530 554 2594 3934
575 2529 775 2593 α’δειοῦνιαι
796 2531 855 2592 iam
878 2529 1065 2593 addiderunt
1087 2528 1188 2594 Schol,
1214 2531 1253 2594 A.

245 2637 305 2716 Qui
325 2644 427 2701 autem
459 2636 514 2700 hos
544 2637 688 2718 deinceps
717 2643 891 2719 sequnntur
920 2654 1028 2699 versus
1050 2635 1231 2712 395-404,
1263 2638 1323 2718 ipsi

164 2764 286 2830 quoqne
302 2746 400 2809 serius
420 2744 530 2808 inserti
540 2744 683 2808 videntur
695 2761 774 2824 esse,
792 2750 826 2806 nt
838 2742 981 2824 querelae
994 2742 1137 2806 Hectoris
1154 2751 1324 2823 parentum

162 2865 194 2918 et
219 2853 337 2930 uxoris
364 2851 417 2932 qui
440 2869 458 2914 a
483 2851 561 2914 turri
584 2851 731 2915 Achillem
753 2850 898 2914 Hectoris
927 2867 1040 2930 corpus
1063 2851 1323 2929 praetern1·bern

163 2960 336 3024 trahentem
361 2958 480 3039 vident,
504 2957 582 3021 adici
604 2962 742 3037 possent.

243 3067 329 3130 Haec
353 3065 466 3146 habui,
494 3081 575 3145 quae
605 3063 642 3126 de
670 3063 765 3127 verbo
789 3061 937 3140 αἐικίζειν
965 3080 1155 3143 exponerem.
1198 3061 1242 3126 Et
1271 3071 1323 3127 est

161 3175 236 3240 milri
266 3174 390 3255 quidem
420 3189 604 3253 persuasum
640 3176 672 3234 et
701 3168 774 3247 hoc,
806 3171 964 3233 omnino
996 3169 1177 3233 omnibus
1205 3169 1322 3248 locis,

162 3282 310 3365 quibus
351 3280 609 3356 inveniatur,
649 3277 854 3354 αέικίζειν
896 3277 1126 3356 posteriore
1176 3281 1322 3340 aetate

162 3395 290 3454 ortum
310 3405 408 3464 esse,
427 3394 464 3448 ct
481 3384 593 3462 illud,
613 3385 649 3447 in
672 3388 746 3447 5222
767 3390 807 3447 et
827 3389 865 3446 54
883 3383 1125 3464 rhapsodnm
1147 3382 1321 3463 aliquem

162 3496 287 3561 multo
337 3492 611 3557 recentiorem
660 3507 825 3570 eumque
872 3492 1098 3570 ‚pessimum
1145 3491 1320 3570 poetam'

160 3601 290 3685 prodi.

164 3720 356 3732 -—-.

232 3769 259 3833 l)
279 3767 387 3834 Quaest.
406 3765 485 3819 Hom.
502 3783 528 3834 p.
547 3763 605 3817 209.

230 3873 260 3942 2)
279 3871 332 3925 Cir.
349 3870 423 3924 Guil.
442 3867 540 3924 Christ.
558 3866 637 3921 iliad.
656 3867 696 3920 ed.
715 3885 741 3936 p.
761 3867 818 3921 666.

231 3977 258 4045 ε)
276 3952 329 4030 cri.
348 3972 420 4029 duit.
442 3971 533 4026 christ
550 3972 590 4025 eu.
610 3970 641 4024 n.
653 3989 686 4039 μ.
705 3971 770 4024 occ:
802 3985 841 4023 »α
859 3972 987 4024 oar-oo
1011 3968 1045 4022 ιι
1066 3967 1180 4037 aarum
1199 3970 1322 4024 αααιιι

162 4064 268 4128 afuisse
286 4069 431 4116 ethereum
450 4063 502 4114 391
520 4057 554 4112 od
579 4056 676 4111 αιέδαα
692 4058 840 4127 particulis
856 4059 886 4107 εἰ
909 4056 931 4106 δ’
958 4055 1014 4120 dyc
1038 4055 1102 4108 olim
1120 4070 1245 4108 exorsum
1265 4073 1322 4111 ease

159 4151 339 4222 putaverim«.
