2992 4846
721 327 760 390 20

248 509 347 586 Atque
369 505 502 569 Achilles
524 505 590 585 ipse
616 504 825 568 Ψ179-18δ
849 504 888 568 de
910 504 963 568 illa
985 504 1162 584 ignominia,
1186 506 1319 588 quaein

164 614 274 677 ultima
307 613 473 693 rhapsorlia
503 611 705 688 describitur,
739 610 812 673 nihii
840 616 1002 691 memorat,
1034 629 1223 694 quamquam
1254 633 1319 678 eam

165 720 291 784 Hectori
315 718 518 783 comminandi
547 716 693 780 hocloco
726 725 757 780 et
785 724 905 798 tempus
932 724 964 781 et
985 720 1103 783 occasio
1125 720 1225 801 fuit.¹)

246 827 391 906 Sequitur
407 833 440 889 ut
456 832 540 889 totus
558 824 608 887 hic
625 823 710 887 locus
720 824 915 888 damnandus
928 825 978 901 sit,
992 826 1111 889 sicut52
1124 827 1245 892 ao-at
1262 828 1321 893 iam

163 934 202 997 ab
224 934 360 1014 antiquis
377 932 576 994 δύετοῦνται
598 931 774 1012 (Ariston).
817 930 925 1010 Neque
948 931 1085 996 dubitari
1109 940 1226 1016 potest,
1250 937 1322 1017 quin

162 1041 298 1120 priorum
327 1039 498 1102 carminum
528 1045 600 1100 Α-
614 1042 645 1099 Ψ
672 1043 803 1117 poetae,
832 1037 904 1117 quid
936 1037 978 1117 (in
1001 1038 1087 1101 initio
1110 1041 1258 1106 carminis
1280 1043 1322 1123 a)

162 1146 297 1210 Achilles
318 1145 458 1209 facturus
478 1145 529 1223 sit,
551 1145 700 1208 nesciant.

653 1342 844 1351 ———.—

716 1497 762 1563 Π.
850 1562 855 1572 .

322 1638 381 1723 De
408 1655 644 1721 aarurzarur
670 1637 775 1723 verbi
802 1636 841 1722 in
869 1657 898 1716 a
927 1636 1152 1748 significatu.

244 1805 310 1868 Iam
331 1822 404 1869 vcro
423 1809 588 1884 postquam
616 1802 657 1867 ad
680 1801 771 1866 finem
791 1802 920 1882 perduxi
938 1800 1019 1867 hanc
1039 1803 1325 1883 ratiocinationem,

163 1911 201 1974 rie
216 1911 283 1992 ipso
300 1912 392 1975 verbo
412 1909 604 1986 αἐικίζειι·
624 1909 788 1973 ridendum
802 1915 859 1973 cst.
896 1908 977 1978 Hoc
998 1917 1132 1973 autern
1156 1910 1325 1977 verbum

154 2017 199 2081 in
223 2017 406 2080 omnibus
430 2016 652 2096 rhapsodiis
674 2023 833 2097 excepta
855 2015 986 2080 ultima
1013 2016 1108 2079 nihil
1130 2016 1241 2082 aliud
1269 2020 1326 2084 si-

162 2123 329 2204 guificat
350 2125 422 2188 nisi
443 2141 602 2203 corpora
619 2123 788 2187 hostium
807 2123 1100 2187 interfectorum
1121 2123 1325 2205 insepulta

161 2231 379 2311 relinquere
411 2237 448 2295 et
480 2229 637 2294 canibus
667 2229 805 2293 avibus
842 2230 1115 2311 vermibusque
1146 2231 1325 2315 tradere,

161 2345 256 2418 atque
279 2338 336 2401 hoc
358 2338 457 2418 ipsum
480 2337 632 2417 estquod
654 2337 746 2400 etiarn
773 2341 804 2398 Ψ
828 2339 884 2400 182
909 2355 933 2400 ε.
958 2337 1088 2400 Achilles
1110 2339 1270 2405 minatur:

754 2439 922 2525 Ἕκτορα
945 2443 974 2505 δ’
993 2439 1039 2507 ού
1060 2466 1098 2506 τι

262 2543 376 2609 δύσω
394 2544 629 2628 Πριαμίδην
645 2544 740 2626 πυρὶ
757 2543 985 2624 δαπτέμεν,
1002 2543 1099 2607 atad
1116 2541 1324 2611 κύνεσσιν.

161 2651 267 2732 Neque
289 2653 318 2715 in
343 2657 375 2715 Ψ
391 2655 430 2716 24
443 2669 502 2716 εε.;

260 2747 282 2842 ἦ
302 2780 343 2837 ρα
363 2758 418 2820 καὶ
434 2755 571 2838 Ἕκτορα
586 2758 658 2820 δῖον
677 2757 819 2820 αἐικὲα
838 2756 991 2839 μήδετο
1014 2757 1108 2836 ἔργα

256 2866 380 2942 πρηνέα
401 2859 471 2941 πάρ
491 2855 639 2938 λεχέεσσι
659 2856 883 2921 Μενοιτιάδαο
903 2856 1070 2929 τανύσσας

256 2959 292 3023 ἐν
312 2963 427 3043 κονίῃς.
1122 3012 1126 3020 ,

159 3057 243 3122 aliud
259 3077 325 3123 esse
342 3059 482 3122 αἐικέα
497 3060 593 3140 ἔργα
610 3058 668 3122 nisi
686 3056 834 3121 δώσειν
850 3057 971 3120 κυσὶν
988 3053 1075 3134 ω’μά
1093 3053 1318 3136 δάσασθαι,

160 3184 197 3229 ex
215 3166 340 3231 Achillis
362 3167 459 3248 ipsius
478 3166 589 3245 verbis,
610 3184 689 3246 quae
711 3164 803 3245 paulo
826 3172 899 3228 ante
924 3164 1056 3242 dixerat,
1079 3160 1218 3225 concludi
1243 3168 1318 3242 pot-

159 3279 208 3337 est
233 3279 265 3337 or
287 3279 422 3338 ιιι-ιιι
895 3251 901 3266 ’

259 3385 354 3463 χαῖρέ
374 3404 438 3463 μοι,
458 3369 485 3445 οῗ
505 3378 684 3461 Πάτροκλε,
705 3378 759 3441 καὶ
781 3376 829 3440 εἰν
847 3377 952 3441 Ἀίδαο
970 3374 1128 3455 δόμοισιν·

259 3488 371 3553 πάντα
391 3490 451 3571 γάρ
471 3485 533 3578 ἤδη
553 3510 602 3550 τοι
622 3487 719 3550 τελέω
740 3485 784 3548 τά
804 3484 970 3565 πάροιθεν
989 3481 1144 3564 ύπεστην,

252 3593 389 3679 Ἕκτορα
409 3596 495 3680 δεῦρ’
517 3594 633 3677 ἐρύσας
659 3591 805 3658 δύσειν
824 3592 944 3656 κυσὶν
972 3589 1058 3670 αἷμά
1081 3587 1318 3664 δάσασθαι,

237 3703 447 3785 Myrmidones
470 3704 595 3785 quidem
619 3722 656 3767 ex
678 3717 785 3781 pugna
803 3716 944 3762 reversos
975 3697 1080 3761 statim
1113 3701 1162 3757 ter
1185 3692 1318 3756 circurn-

157 3810 227 3875 vehi
248 3810 382 3875 Patrocli
405 3829 517 3892 corpus
540 3809 626 3875 iubet
656 3814 687 3871 Ψ
711 3811 747 3870 13
769 3825 813 3881 s:
926 3810 952 3826 “·

198 3914 229 3979 οἱ
248 3916 286 3979 δὲ
308 3915 383 4000 πρὶς
404 3917 479 4000 περὶ
500 3916 613 3999 νεκρδν
633 3912 780 4004 ε’ύτριχας
799 3909 926 3996 ἤλασαν
949 3908 1070 3980 ἵππους
1090 3903 1275 3989 μυρόμενοι.

156 4024 352 4035 ι--ι

227 4080 374 4147 1)Atcrr.
394 4081 425 4133 Η.
445 4081 612 4135 Diintzerum
632 4079 686 4133 nt.
706 4097 732 4147 p.
752 4077 801 4129 327
821 4095 849 4140 s,
872 4077 899 4130 C.
920 4077 950 4130 E.
970 4075 1137 4144 uepperaum
1162 4056 1242 4131 ,iiber
1262 4068 1317 4123 den

157 4166 301 4234 Urspruug
318 4165 366 4219 der
387 4166 575 4222 homerischen
593 4167 732 4236 Gesange‘
769 4163 880 4233 Leipzig
901 4164 972 4218 ratu.
993 4161 1014 4213 Ι.
1032 4180 1058 4230 p.
1079 4160 1125 4212 l‘lt
1144 4176 1164 4210 s.
