2992 4846
653 276 691 340 39

90 450 250 539 (νήπιοι
281 489 319 497 -
350 452 662 535 α’φραδέοντες).
713 437 881 517 Praeterea
913 459 945 516 et
974 454 1195 536 α’φραδεόντες
1225 463 1256 520 ct

89 560 308 643 ἀφρονέοντες
329 559 416 623 facile
439 578 476 622 ex
505 550 640 642 οἷσσον
670 559 807 633 ἰόντες
837 562 866 624 iu
889 560 975 623 exitu
1000 578 1107 625 versus
1127 563 1257 642 proximi

90 675 125 731 et
155 666 316 730 scribendo
346 675 378 729 ct.
408 667 565 730 audiendo
599 667 673 731 oriri
705 676 883 748 putuerunt.
933 667 1044 749 Itaque
1074 667 1136 732 alia
1167 668 1257 733 lectio

94 775 292 855 adquiratur.
333 775 384 852 Ac,
404 792 442 837 ue
463 792 542 853 quae
564 774 654 838 lectio
672 775 949 855 praetermittatur,
974 775 1171 840 Aristarchus
1192 777 1259 857 ipse

92 881 118 944 α’
125 889 338 963 φρονέοντα
353 881 409 944 huc
420 880 485 944 loco
498 881 633 945 voluisse
643 876 821 962 traditur-¹).
854 882 955 962 Magis
965 882 1089 966 quidem
1108 883 1259 964 ἐριδαί-

94 1011 223 1069 νομεν
244 987 268 1050 α’
277 996 499 1070 φρονέοντι
520 994 628 1068 posset
650 988 720 1051 mihi
745 989 882 1068 placere,
910 991 935 1052 si
958 991 1080 1053 omniuo
1102 990 1260 1074 α’φρονεΐν

93 1094 136 1158 ab
161 1095 292 1158 Homero
314 1093 484 1158 adhibitum
512 1103 604 1158 esset.
648 1095 763 1172 Quodsi
794 1115 827 1159 re
849 1114 923 1159 vera
944 1096 1142 1161 Aristarchus
1171 1074 1258 1163 accu-

93 1203 228 1265 sativum
248 1202 272 1264 α’
279 1225 354 1284 φρο
366 1224 382 1263 ν
391 1210 433 1264 ἐο
444 1224 487 1263 ντ
498 1225 520 1262 α
538 1202 622 1281 legit,
643 1203 736 1266 etiam
753 1221 808 1283 pro
824 1208 1007 1283 μενεαίνειν
1022 1202 1104 1268 aliud
1124 1203 1259 1284 verbum,

93 1311 180 1389 quud
202 1328 267 1372 cum
289 1309 465 1372 accusativo
488 1310 698 1390 coniungitur,
724 1316 756 1372 et
777 1312 889 1395 Ζηνα
909 1309 958 1373 vel
980 1316 1010 1373 Κ
1016 1311 1182 1394 ρονίδην
1202 1330 1258 1393 pro
1302 1325 1306 1333 ·

93 1416 177 1497 Ζηνὶ
201 1417 315 1479 hahere
339 1415 458 1494 debuit,
481 1415 564 1480 velut
588 1416 670 1479 huuc
690 1419 719 1478 iu
743 1417 885 1481 mudum:

93 1522 222 1602 νήπιοι,
249 1521 280 1586 οἳ
305 1523 509 1606 Κρονίδην
537 1523 675 1609 (Ζῆνα)
704 1523 957 1605 ἐρεθίζομεν
984 1524 1257 1607 α’φρονέοντα·

93 1649 229 1715 quocum
253 1649 340 1693 versu
365 1649 383 1692 a
406 1648 452 1692 rue
475 1630 690 1710 'conglutinate
713 1629 842 1694 conferri
864 1639 1012 1711 possunt:

91 1746 126 1803 E
139 1742 280 1803 tls—19
303 1737 337 1799 αἱ
359 1738 389 1800 δ’
409 1727 480 1800 αὖτ’
502 1735 693 1817 εἰσορόωσαι
713 1737 865 1820 Ἀθηναίη
886 1761 923 1799 τε
946 1738 999 1799 καὶ
1016 1734 1101 1820 Ἥρη

303 1851 479 1926 κερτομίοις
501 1846 636 1909 ἐπεέσσι
655 1850 720 1908 Δία
742 1846 949 1927 Κρονίδην
970 1847 1168 1926 ἐρέθιζον.

93 1961 126 2017 Δ
137 1957 216 2016 5-6
239 1952 342 2016 αὐτίκ’
362 1953 516 2034 ἐπειρᾶτο
539 1952 694 2034 Κρονίδης
716 1953 958 2034 ἐρεθιζέμεν
978 1949 1109 2036 Ἥρην

239 2065 416 2142 κερτομίοις
438 2060 583 2139 ἐπέεσσι,
606 2059 822 2143 παραβλήδην
843 2058 1015 2141 ἀγορεύων.

177 2167 336 2232 Sedenim
360 2186 419 2230 nou
438 2167 577 2231 omuibus
600 2167 674 2231 lucis
692 2167 891 2232 Aristarchus
915 2173 998 2231 recte
1021 2168 1178 2232 iudicavit.
1218 2167 1258 2230 Et

92 2275 153 2339 huc
174 2275 211 2338 de
233 2295 295 2359 quo
317 2275 436 2354 agimus
460 2281 543 2361 certe
564 2274 630 2337 loco
655 2275 768 2338 rectius
792 2273 904 2353 legisse
927 2274 1000 2338 mihi
1020 2274 1143 2338 videtur
1161 2275 1258 2338 Hera-

94 2383 188 2447 clitus
210 2381 360 2465 (Allegor.
383 2381 509 2445 Homer.
532 2399 598 2462 cap.
623 2381 675 2463 2),
699 2382 749 2462 qui
773 2381 874 2445 dedit:

218 2488 337 2573 νήπιοι,
360 2487 392 2552 οἳ
408 2489 487 2573 Ζηνὶ
509 2494 790 2570 μενεαίνομεν
809 2486 1087 2570 ἰσοφαρίζειν.

180 2596 313 2660 Verbum
339 2598 418 2659 euim
450 2594 723 2678 ἰσοφαρίζειν
751 2614 825 2659 sane
854 2596 975 2675 saepius
1005 2603 1192 2676 usurpatur,
1223 2603 1259 2659 ut

94 2706 125 2768 iu
147 2711 177 2768 Φ
204 2709 259 2769 194
284 2703 435 2785 (Achilles
458 2704 496 2766 ad
523 2705 746 2784 Asteropaeum
771 2702 998 2778 interfectumtt

411 2811 481 2874 ἄλλ’
503 2809 560 2873 οδκ
582 2812 652 2873 ἔστι
674 2810 726 2873 Διὶ
749 2814 904 2890 Κρονίωνι
925 2810 1107 2891 μάχεσθαι,
1146 2818 1150 2826 ’

217 2922 271 2999 τῷ
293 2917 370 2981 οὐδὲ
391 2923 505 2998 κρείων
524 2916 683 2998 Ἀχελώιος
706 2917 961 3000 ἰσοφαρίζει,

96 3025 206 3089 deiude
225 3026 255 3089 iu
280 3031 310 3088 Φ
332 3027 388 3089 411
414 3025 571 3107 (Minerva
589 3025 627 3087 ad
651 3025 793 3105 Martem,
818 3043 906 3105 quem
930 3023 1138 3105 vulue1·avit):

218 3132 344 3214 νηπύτι’
363 3132 441 3194 ον’δέ
460 3131 499 3195 νύ
522 3131 574 3193 πώ
597 3155 659 3214 περ
679 3131 858 3215 ἐπεφράσω
879 3129 981 3195 ὅσσον
1002 3131 1120 3213 δρείων

217 3232 328 3320 εὔχομ’
349 3240 431 3320 ἐγων
452 3242 573 3321 ἔμεναι,
594 3236 643 3302 ὅτι
664 3263 735 3320 μοι
756 3248 852 3321 με’νος
872 3238 885 3302 ι’
893 3243 1050 3320 σοφαρί
1056 3241 1073 3315 ζ
1080 3260 1146 3311 εις.

94 3355 158 3413 tum
183 3349 212 3411 iu
237 3352 332 3411 1390
351 3347 497 3425 (Achilles
520 3347 560 3410 ad
583 3345 800 3427 legationemlz

217 3453 333 3537 κούρην
354 3454 383 3515 δ’
405 3453 443 3517 οδ
463 3464 570 3534 γαμέω
592 3455 819 3535 Ἀγαμέμνονος
839 3452 1008 3532 Ἀτρείδαο,

218 3561 286 3625 οὐδ’
307 3560 337 3624 εί
355 3566 489 3644 χρυσείη
509 3562 679 3644 Ἀφροδίτη
701 3560 816 3633 καλλος
838 3561 942 3641 ἐρίζοι,

217 3672 291 3751 ἔργα
313 3670 342 3731 δ’
359 3669 551 3752 Ἀθηναίη
574 3666 828 3749 γλαυκώπιδι
850 3666 1100 3747 ἰσοφαρίζοι.

93 3777 224 3856 denique
244 3778 274 3839 in
297 3784 326 3839 Z
346 3777 401 3840 101
426 3775 576 3856 (Helenus
599 3775 639 3858 de
660 3774 809 3838 Diomede
832 3774 871 3837 ad
895 3772 1089 3851 Hectoremlz

93 3899 238 3906 ———

166 3944 190 4011 l)
208 3943 262 3998 cfr.
282 3946 314 3997 A.
335 3943 531 4007 Ludwichium,
550 3942 715 4007 ‚Aristarehs
734 3942 904 3997 homerische
920 3939 1085 3994 Textkritik'
1104 3939 1124 4002 I,
1142 3958 1168 4008 p.
1190 3936 1253 3992 388:

92 4031 147 4080 κατ’
166 4032 220 4079 ε”νια
239 4031 289 4082 τῶν
312 4030 500 4098 ὑπομνημάτων
520 4030 702 4100 »clericulorum
724 4032 774 4083 Αθ·
824 4029 956 4082 Vielmehr
973 4026 1132 4097 α’φρονίοντιῖ
1167 4024 1253 4092 Verol.

91 4114 125 4168 V.
144 4116 210 4175 τινδς
229 4116 399 4186 »ἐριδαίνομεν
418 4117 590 4187 sicquidem«.
