2992 4846
836 304 879 378 36

358 501 441 579 Age,
470 499 529 562 inm
557 488 604 559 δι’
625 490 672 558 his
696 484 800 558 decem
822 493 896 558 iocis
918 492 1070 574 copiosius
1093 491 1301 570 disseramus,
1337 498 1372 558 et
1392 491 1451 559 boc

276 609 400 688 quidem
424 605 549 671 ordine:

686 713 713 771 0
744 708 803 770 101
845 725 873 787 p.
892 706 930 770 30
952 725 1022 789 sqq.

685 815 801 878 11491
846 833 875 895 p.
892 820 932 879 40
953 832 1025 896 sqq.

688 926 719 983 Τ
762 925 801 985 58

762 1030 802 1092 68
848 993 878 1055 p.
895 974 933 1037 47
956 991 1025 1055 sqq.

744 1138 802 1198 307
848 1151 876 1213 p.
893 1130 935 1195 54
955 1151 1024 1213 sqq.

686 1247 720 1306 X
768 1244 804 1303 10
849 1258 878 1321 p.
895 1239 934 1302 56
956 1257 1026 1320 sqq.

687 1373 708 1412 α
766 1352 805 1411 20
847 1365 875 1428 p.
895 1347 935 1410 70
957 1367 1004 1428 sq.

689 1460 706 1534 ζ
746 1459 805 1519 330
847 1472 876 1534 p.
893 1452 934 1518 60
954 1472 1025 1535 sqq.

594 1565 765 1660 ⁸Proeterea
787 1567 816 1627 Ω
838 1564 877 1624 22
900 1565 931 1624 et
952 1567 992 1623 54
1015 1578 1044 1641 p.
1066 1561 1106 1624 72
1126 1581 1174 1644 sq.

357 1676 399 1739 At
419 1693 478 1738 non
502 1671 605 1737 licebit
625 1673 655 1736 iu
675 1689 711 1735 eo
731 1688 780 1734 me
800 1670 969 1748 continere,
993 1673 1028 1732 ut
1046 1666 1103 1731 bos
1125 1674 1248 1734 tontum
1268 1691 1392 1754 versus
1417 1677 1446 1740 in

274 1782 384 1864 quibus
405 1785 588 1863 μενεαίνειν
610 1779 775 1856 invenitur,
798 1796 835 1840 ex
853 1775 960 1841 ordine
979 1774 1150 1856 illustrem,
1170 1776 1223 1841 sed
1247 1778 1347 1844 etiam
1371 1799 1446 1846 non·

274 1889 374 1954 nullos
405 1907 443 1952 ox
473 1888 528 1965 iis,
560 1886 741 1967 quibuscum
764 1884 942 1949 societatem
966 1882 1123 1961 coierunt,
1150 1883 1239 1947 simui
1264 1889 1445 1969 perquiram

274 2014 400 2061 necesse
423 1995 491 2060 erit.
534 1994 611 2058 Nam
635 1999 723 2057 vetus
746 1996 794 2056 est
816 1991 908 2072 iilud,
939 1989 1028 2070 paria
1049 2006 1116 2053 cum
1145 1991 1273 2070 paribus
1296 1992 1445 2061 facillime

275 2103 466 2183 congregari.
509 2100 594 2164 Hnec
615 2119 683 2164 men
711 2100 850 2180 quamvis
874 2114 955 2177 vago
975 2095 1121 2160 ridentur
1144 2096 1341 2180 disceptandi
1362 2105 1444 2168 ratio

274 2229 313 2275 ne
335 2212 381 2275 cui
404 2209 512 2274 turbas
536 2208 629 2273 iaciat
652 2225 728 2271 neve
748 2207 839 2270 nimis
859 2205 1065 2286 improbetur.

358 2311 470 2391 Itaque
492 2309 621 2391 primum
643 2311 888 2389 μενεαίνειν
910 2309 1045 2373 occurrit
1065 2310 1097 2373 in

796 2419 919 2478 0104:

277 2527 336 2587 100
357 2522 376 2605 ἡ
396 2525 457 2603 μὲν
477 2518 528 2603 ἄρ’
553 2519 593 2594 ὣς
616 2519 757 2586 εἰποῦσα
778 2525 935 2600 καθέζετο
955 2519 1178 2609 nptow‘iipq,

358 2624 517 2712 (ὄχθησαν
538 2628 634 2691 δἰἷνδ
656 2629 752 2710 δῶμα
771 2629 846 2702 Διδς
866 2633 951 2692 θεοί.
973 2628 992 2714 ἡ
1014 2629 1044 2691 δ’
1052 2631 1227 2711 ἐγέλασσεν

357 2737 498 2817 χείλεσιν
517 2735 595 2799 ου’δὲ
615 2744 768 2816 μέτωπον
790 2733 964 2820 ἐπ’δφρύσι
985 2745 1157 2822 κυανέῃσιν

357 2843 591 2927 testimoium·
612 2843 650 2905 δὲ
672 2847 921 2924 νεμεσσηθεῖσα
941 2842 1096 2926 μετηύδα.

190 2941 195 2950 “
278 2954 333 3017 101
358 2951 537 3035 »ι’ήπιοι,
561 2950 602 3012 οἳ
622 2951 721 3032 Ζηνὶ
743 2939 1020 3032 μενεαίνομεν
1041 2951 1339 3034 α’φρννεόντες.

355 3049 376 3146 ἧ
398 3061 445 3121 ἔτι
466 3080 522 3138 μιν
541 3065 693 3138 με’μαμεν
712 3065 968 3146 καταπαυσέμεν
988 3047 1096 3123 ἆσσον
1117 3057 1221 3134 ἰόντες

356 3163 378 3251 ἢ
398 3167 471 3228 ἔπει
489 3164 527 3248 η’ὲ·
548 3163 649 3247 pipo
671 3150 880 3250 δ’δφήμενος
902 3165 959 3228 onix
979 3165 1114 3247 ἀλεγίζει
1194 3153 1197 3158 ’

356 3273 425 3337 οὐδ’
447 3268 577 3337 ὄθεται·
601 3273 701 3356 φησὶν
721 3273 781 3354 γδρ
804 3273 839 3335 ἐν
858 3271 1060 3337 α’θανατιισι
1083 3277 1211 3337 θεοῖσιν

356 3380 472 3462 κάρτεΐ
488 3403 524 3442 τε
548 3379 668 3444 σθένεΐ
685 3402 722 3440 τε
745 3379 911 3461 διακριδὸν
933 3371 1017 3443 εἶναι
1037 3375 1196 3461 botoron«.

356 3488 450 3568 Juuo,
471 3493 506 3551 ut
524 3486 600 3551 baec
620 3486 716 3550 verba
734 3486 774 3550 acl
790 3488 862 3551 deos
880 3486 1048 3567 derigeret‚
1069 3487 1169 3564 minis,
1192 3504 1270 3567 quos
1290 3486 1443 3569 Juppiter

244 3595 305 3659 'in
327 3595 382 3659 idn
412 3599 516 3658 moute
548 3611 656 3658 somno
686 3592 807 3657 solutus
828 3599 938 3659 contra
968 3611 1035 3658 eam
1065 3594 1252 3672 increverat,
1280 3602 1442 3662 commota

274 3708 332 3766 est.
371 3701 430 3765 Hic
450 3701 547 3781 igitur
568 3700 652 3765 locus
673 3706 760 3764 nrcte
782 3700 927 3765 cohaeret
949 3719 1018 3765 cum
1041 3718 1077 3764 en
1096 3707 1186 3780 pnrte
1204 3699 1273 3763 iibri
1295 3701 1336 3779 Ξ,
1359 3720 1443 3784 quoe

275 3809 350 3883 Διδς
367 3807 482 3891 ἀπάτη
497 3806 673 3888 appellatur
690 3826 844 3890 quamque
863 3825 881 3871 o
900 3807 1071 3872 recentiore
1088 3807 1192 3889 niiqno
1209 3812 1303 3887 poittn
1323 3807 1442 3875 inetnm

274 3934 343 3982 esse
366 3915 528 3981 verisimile
550 3921 598 3978 est
609 3915 644 3993 ¹).

361 4023 420 4088 Seri
445 4022 565 4101 singula
586 4021 740 4101 inspicere
761 4039 799 4083 ne
821 4021 1089 4100 supersedeamus.

274 4142 489 4241 —Uffss
509 4173 633 4227 Niesiuru
652 4193 678 4243 p.
699 4169 758 4225 100.
