2992 4846
722 281 762 341 22

266 456 344 516 »νῦν
365 454 394 516 δ’
415 448 485 541 ἤτοι
504 458 566 535 μὲν
588 456 648 536 ἐγῶ
670 453 870 543 θωρήξομαι·
892 457 975 521 α’λλά
997 458 1074 538 μάλ’
1095 460 1192 535 αἰνῶς

265 561 363 624 δείδω
383 559 428 648 μή
450 585 504 643 μοι
524 559 631 645 τόφρα
654 567 829 626 Μενοιτίου
852 560 987 645 ἄλκιμον
1008 564 1080 629 νὶύν

263 673 357 751 μυῖαι
371 669 534 734 καδδῦσαι
553 671 637 732 κατά
659 670 888 750 χαλκοτύπονς·
911 671 1043 746 ῶτειλάς

202 780 241 843 λδ
263 777 360 850 εύλοὲς
380 777 591 858 ἐγγείνωνται,
612 777 861 852 αἐικίσσωσι
883 778 904 841 δ
911 782 927 841 ὲ
949 780 1095 859 νεκρόν
1117 817 1155 826 -

266 887 301 948 ἐκ
323 884 352 947 δ’
373 884 455 947 αῑῶν
477 894 634 967 πέφαται,
660 921 692 930 -
716 884 800 948 κατά
817 885 855 948 δὲ
877 883 959 968 χρόα
980 885 1093 950 πάντα
1113 887 1261 973 condy«

248 1009 383 1074 Achilles
415 1009 495 1073 euim
516 1011 638 1086 metuit,
667 1027 715 1089 ne,
746 1009 818 1072 dum
848 1009 913 1088 ipse
945 1028 1013 1074 cum
1036 1010 1171 1076 Hectore
1195 1023 1323 1096 pugnet,

164 1135 288 1182 muscae
311 1135 431 1180 verines
453 1116 486 1179 in
508 1133 637 1197 corpore
658 1115 793 1180 Patrocli
817 1117 964 1196 insepulti
986 1118 1126 1197 gignant.
1205 1177 1208 1181 .

242 1234 415 1314 Ignominia
444 1235 554 1315 igitur,
582 1251 674 1314 quam
705 1232 820 1296 Hector
850 1231 890 1295 ab
914 1233 1030 1298 Achille
1059 1253 1209 1314 passurus
1243 1245 1323 1319 erat,

161 1360 228 1406 cum
249 1342 288 1405 ad
311 1359 404 1405 naves
428 1341 621 1420 trahebatur,
644 1341 754 1404 eadem
776 1345 834 1417 est,
856 1359 949 1422 quam
966 1341 1033 1421 ipse
1044 1341 1191 1408 Patroclo
1211 1363 1322 1425 paras-

162 1456 219 1531 set,
244 1449 269 1513 si
293 1449 358 1513 eius
379 1466 508 1528 corpore
531 1449 652 1528 potitus
673 1452 755 1511 esset
775 1452 804 1509 P
824 1449 881 1512 125
904 1465 961 1512 ss:

253 1569 375 1652 Ἕκτωρ
391 1577 452 1653 μὲν
473 1570 674 1651 Πάτροκλον,
697 1571 770 1634 ἐπεὶ
792 1571 892 1634 κλυτά
912 1569 1016 1651 τεύχε’
1035 1569 1179 1655 α’πηύρα,

262 1680 335 1760 ἕλχ’,
354 1679 394 1743 ἵν’
414 1679 479 1742 α’π’
499 1674 609 1759 ῶμοιιν
629 1678 775 1761 κεφαλήν
797 1677 895 1759 τάμοι
915 1677 982 1754 ὀξέι
1002 1678 1119 1760 χαλκῶ,

261 1787 320 1851 τδν
340 1787 378 1850 δὲ
399 1795 493 1850 νέκον
518 1790 665 1870 Τρῳῇσιν
686 1784 908 1867 ἐρυσσάμενος
924 1786 1019 1849 κοσὶ
1042 1785 1141 1869 δοίη·

240 1911 401 1988 Convenit,
425 1910 506 1991 quod
526 1909 667 1974 Priamus
689 1928 810 1992 quoque
831 1927 898 1973 cum
922 1908 1087 1973 Hectorem
1109 1909 1208 1975 solum
1234 1919 1328 1978 extra

159 2038 265 2084 muros
294 2020 433 2082 relictum
463 2018 570 2082 videns
598 2019 862 2095 reminisceretur,
891 2010 951 2079 iam
981 2016 1087 2081 multis
1116 2036 1149 2081 se
1180 2018 1258 2084 filiis
1288 2021 1328 2085 ab

113 2147 116 2153 ·
160 2125 277 2190 Achille
307 2143 377 2189 esse
399 2125 570 2206 privatum,
608 2125 687 2188 idem
720 2124 835 2188 malum
863 2122 984 2187 nefasto
1020 2122 1136 2188 homini
1172 2135 1329 2205 precatur

163 2239 199 2297 X
216 2233 354 2296 ‹tl-du:

264 2338 415 2418 σχέτλιος.
446 2336 526 2401 αἴθε
547 2342 654 2401 ύέοισι
675 2337 765 2420 φίλος
781 2336 942 2400 τοσσόνδε
963 2345 1085 2419 γένοιτο

259 2443 362 2510 ὅσσον
383 2446 465 2526 ἐμοί·
486 2443 594 2525 τάχα
610 2431 680 2507 Ικίν
702 2443 719 2507 ἑ
740 2442 855 2518 κύνες
875 2445 942 2507 καὶ
964 2447 1093 2525 γῦπες
1115 2444 1243 2508 ἔδοεν

202 2603 212 2612 .
263 2557 420 2634 κείμενον·
440 2540 461 2637 ἧ
483 2560 520 2614 κε’
537 2574 591 2635 μοι
612 2549 706 2614 αι’νδν
722 2551 791 2613 α’πδ
814 2550 991 2633 πραπίδων
1010 2548 1089 2631 άχος
1111 2551 1214 2614 ἔλθοι·

263 2656 298 2734 ὅς
318 2660 352 2741 μ’
372 2658 449 2722 νὶῶν
471 2658 657 2722 πολλῶντε
678 2658 733 2720 καὶ
754 2658 886 2721 ἐσθλῶν
907 2647 997 2722 εύνιν
1018 2661 1146 2741 ἔθηκεν,

261 2771 394 2830 κτείνων
413 2765 467 2828 καί
488 2765 611 2846 περνάς
631 2763 738 2848 νήσων
760 2766 816 2828 ἔπι
837 2763 1063 2848 τηλεδαπάων.

241 2892 284 2955 Et
311 2891 458 2974 quidnam
487 2889 628 2970 deinceps
649 2888 777 2954 Hecuba
806 2887 870 2953 filio
898 2889 1056 2953 imminere
1079 2889 1242 2953 existimat
1269 2891 1327 2954 mi·

160 2997 286 3063 serahili
309 3015 382 3061 voce
404 2997 562 3062 clamans?
602 3002 638 3060 X
657 3000 795 3061 86-89:

257 3103 427 3184 »σχέτλιος
448 3103 541 3182 εἴπερ
561 3102 622 3184 γάρ
644 3121 682 3166 σε
702 3101 898 3186 κατακτάνῃ,
920 3097 959 3166 ού
981 3103 1011 3166 σ’
1033 3101 1076 3164 ἔτ’
1098 3103 1191 3182 ἔγωγε

262 3207 444 3290 κλαύσομαι
465 3210 500 3272 ἐν
521 3209 678 3289 λεχέεσσι,
700 3210 794 3293 φίλον
815 3208 930 3290 θάλος,
952 3207 989 3271 ὃν
1011 3217 1104 3271 τέκον
1125 3186 1225 3295 αύτή,

260 3317 330 3381 οὐδ’
350 3312 464 3397 ἄλοχος
486 3315 681 3400 πολύδωρος·
704 3313 863 3380 άνεούε
885 3317 905 3380 δ
914 3324 931 3380 ἐ
952 3335 996 3380 σε
1013 3324 1115 3397 μέγα
1130 3319 1232 3380 νῶιν

261 3425 445 3505 Ἀργείων
464 3424 576 3504 παρά
593 3425 714 3507 νηυσὶ
735 3422 855 3498 κύνες
875 3432 1022 3504 ταχέες
1039 3422 1323 3488 κατέδονται.«

243 3548 382 3627 Denique
405 3547 632 3629 Andromache,
663 3548 714 3612 ubi
738 3547 885 3612 Achillem
916 3548 1020 3612 uxoris
1053 3565 1163 3628 corpus
1191 3555 1326 3628 praeter

160 3665 269 3738 portas
290 3642 573 3718 urbis'trahentem
589 3656 719 3736 aspexit,
742 3656 888 3736 quidnam
908 3654 1065 3736 praesagit
1087 3660 1123 3718 X
1133 3658 1325 3722 508-510?

262 3763 321 3827 νῦν
344 3761 381 3824 δὲ
403 3765 441 3825 σὲ
461 3766 523 3843 μὲν
544 3762 636 3841 παρά
658 3762 752 3845 νηυσὶ
774 3767 924 3843 κορωνίσι
945 3762 1045 3843 νόσφι
1066 3758 1190 3844 τοκήων

265 3869 529 3935 αι’ύλαιεύλαὶ
547 3869 724 3947 ἔδονται,
742 3871 894 3933 ἐπείκε
909 3868 1029 3941 κύνες
1046 3863 1324 3951 κορέσωνται,

263 4001 394 4060 γνμνον.

244 4109 347 4193 Quos
370 4110 477 4176 locos
501 4127 627 4174 orunes
648 4109 680 4171 si
701 4109 906 4196 ponderas,
939 4107 1037 4176 nihil
1061 4125 1186 4196 usque
1214 4107 1264 4176 ad
1292 4115 1326 4178 Φ
