2992 4846
726 308 764 370 15

223 482 415 571 Πατρόκλου
437 485 575 549 ποθέων
596 479 782 571 ἀνδροτῆτα
804 484 917 549 τεκαὶ
939 491 1035 567 μένος
1056 480 1098 570 ἠύ
1200 565 1203 570 ¹

219 593 270 682 ἠδ’
294 593 406 658 ὁπόσα
427 591 611 657 τολύπευσε
632 591 694 656 σύν
715 592 806 674 αύτῷ
825 587 880 656 κἀὶ
902 592 1019 657 πόθεν
1040 589 1152 676 ἄλγεα,

122 723 125 729 ’
221 702 350 785 α’νδρῶυ
372 724 408 763 τε
432 700 613 781 πτολέμους
634 698 784 781 α’λεγεινά
805 722 842 761 τε
862 698 994 782 κύματα
1015 707 1146 783 πείρων.

221 812 287 872 τῶν
306 806 568 891 μιμνησκόμενος
589 807 735 891 θαλερδν
756 807 842 870 κατοὲ
865 807 1007 889 δάκρυον
1028 800 1127 892 εἶβεν,

222 912 332 982 ἄλλοτ’
354 916 411 979 ἐπὶ
432 914 574 996 πλευράς
594 918 832 997 κατακείμενος,
856 911 973 979 ἄλλοτε
995 915 1024 977 δ’
1047 905 1128 981 αὖτε

221 1023 345 1103 ύπτιος,
370 1019 488 1086 ἄλλοτε
510 1022 548 1084 δὲ
569 1021 703 1107 πρηνής·
723 1021 801 1087 τότε
821 1021 852 1084 δ’
871 1022 974 1103 όρθδς
994 1023 1144 1099 οἷναστολς

224 1129 381 1195 δινεύεσκ’
403 1127 513 1193 α’λύων
534 1129 719 1214 copulatu
739 1127 826 1204 ἁλός.
849 1129 930 1194 ούδυ
946 1153 1002 1212 μιν
1025 1129 1086 1217 ἠύς

225 1246 405 1322 φαινομένη
424 1235 589 1324 λήθεσκεν
611 1236 708 1318 ύπελρ
728 1234 795 1300 ἅλα
814 1238 842 1299 τ’
863 1235 972 1322 ἠιόνας
992 1261 1037 1319 τε,

163 1347 284 1410 Deinde
308 1346 448 1425 sequitur
471 1363 499 1408 v.
526 1350 562 1408 14
585 1344 657 1408 ἀλλ’.
681 1341 700 1407 ὅ
721 1345 748 1426 γ’
772 1345 846 1408 ἐπεὶ
870 1345 1009 1423 ζεύξειεν·
1027 1371 1055 1409 κ.
1077 1369 1105 1411 τ.
1125 1345 1153 1411 λ.

249 1451 518 1516 Considerandum
550 1451 641 1516 nobis
669 1459 718 1516 est
748 1452 882 1517 secundo
914 1453 981 1532 die,
1015 1459 1181 1535 postquam
1211 1453 1329 1520 Hector

162 1560 345 1625 interfectus
376 1565 424 1623 est
452 1557 523 1637 [cir.
548 1564 580 1622 cp
602 1562 649 1622 58.
672 1558 856 1642 reama),
883 1559 974 1625 ludos
1002 1561 1147 1626 funebres
1182 1563 1327 1627 Patroclo

163 1667 253 1731 datos
275 1684 351 1731 esse.
392 1665 508 1742 Quibus
530 1665 626 1730 linitis
647 1667 687 1746 (Ω
714 1670 744 1745 l)
766 1685 872 1732 omues
900 1672 934 1732 ut
958 1667 1026 1732 cibo
1056 1684 1222 1751 somnoque
1244 1670 1327 1734 vires

163 1775 329 1839 reficerent
348 1772 568 1854 digrediuntur
590 1771 705 1854 (1-3).
740 1773 875 1839 Achilles
895 1779 1002 1839 autem
1020 1775 1104 1856 quod
1120 1793 1221 1856 neque
1235 1776 1327 1840 edere

164 1900 222 1946 nec
244 1900 385 1946 somnum
409 1899 519 1962 capere
541 1886 646 1961 potest
668 1881 846 1946 amicissimi
876 1882 935 1946 viri
965 1882 1166 1947 reminiscens
1189 1884 1326 1964 (cl-ll),

164 2009 234 2054 mox
260 1988 352 2053 cubili
382 1988 490 2052 relicto
521 1987 552 2050 in
580 1988 670 2052 litore
698 1995 832 2068 vagatus
855 1990 907 2070 (12
938 1988 1110 2053 δευεύεσκε
1129 1989 1186 2054 hoc
1206 1995 1327 2054 tantum

164 2097 247 2177 loco)
270 2098 330 2160 iam
351 2095 450 2176 prima
472 2094 540 2158 lucc
562 2096 603 2174 (v.
627 2099 663 2159 13
682 2094 846 2180 λήθεσκεν
872 2095 902 2161 h.
931 2102 954 2161 t..
981 2096 1014 2177 l.)
1044 2096 1189 2162 Hectoris
1216 2115 1328 2178 corpus
1393 2125 1395 2127 >

164 2205 279 2268 circum
303 2202 457 2266 tumulum
479 2201 603 2266 trahere
626 2201 734 2282 incipit
755 2201 913 2282 (ie-lo).

248 2311 316 2389 Qua
347 2310 378 2373 iu
408 2309 590 2372 narratione
619 2326 805 2389 quamquam
834 2308 997 2373 mirificum
1026 2314 1091 2390 cst,
1127 2308 1208 2390 quod
1234 2313 1329 2389 poeta

164 2418 354 2499 saepissime.
369 2416 523 2480 iterativis
547 2416 656 2494 utitur,
687 2421 871 2480 nontamen
893 2416 967 2481 milri
987 2416 1178 2501 persuadere
1200 2433 1328 2496 possum

166 2527 270 2608 plures
291 2543 347 2605 per
368 2523 432 2586 dies
455 2540 568 2602 corpus
589 2523 704 2586 mortui
727 2524 860 2587 traxisse
883 2522 1040 2603 Achillem,
1071 2523 1125 2587 sed
1150 2523 1214 2587 solo
1236 2523 1328 2586 tertio

165 2634 216 2698 die
234 2650 302 2696 eum
323 2630 457 2695 traxisse
479 2635 572 2710 poeta
594 2628 701 2693 voluit.

251 2737 337 2815 Quae
367 2755 435 2802 cum
466 2735 512 2799 ita
533 2736 613 2817 sint,
641 2736 736 2800 ctiam
765 2755 794 2800 v.
823 2739 861 2798 22
893 2733 933 2809 ὣς
961 2735 978 2799 o‘
1007 2739 1069 2817 plu
1087 2731 1226 2817 “Europa
1257 2736 1330 2801 δῖον

165 2846 305 2923 αἐίκιζεν
325 2847 507 2925 μενεαίνων·
527 2861 589 2907 non
605 2842 665 2908 nisi
679 2843 718 2907 dc
733 2843 827 2908 tertio
843 2843 893 2908 die
914 2843 1030 2907 dictum
1047 2859 1115 2907 csse
1130 2861 1256 2909 necesse
1270 2851 1330 2910 est.

250 2953 285 3018 In
308 2970 357 3016 vv.
378 2969 472 3032 porro
498 2953 536 3013 23
557 2968 580 3014 s
605 2950 665 3014 duo
688 2950 834 3014 iterativa
854 2949 1013 3031 hahemus,
1035 2967 1114 3030 quae
1131 2949 1188 3014 hoc
1207 2953 1329 3014 tantum

166 3061 235 3124 loco
257 3057 338 3139 apud
360 3056 530 3122 Homerum
553 3058 709 3138 leguntur,
732 3057 945 3138 ἐλεαίρεσκον,
967 3054 1180 3139 ὀτρύνεσκονε

166 3171 206 3230 23
227 3167 285 3228 τόν
307 3165 337 3227 δ’
355 3165 622 3248 ἐλεαίρεσκον
641 3162 784 3245 μάκαρες
804 3165 881 3227 θεοὶ
905 3161 1122 3247 εἰσορόωντες,
1179 3227 1183 3240 ,

227 3273 347 3360 κλέψαι
366 3273 395 3335 δ’
415 3272 671 3354 ὀτρύνεσκον
693 3269 858 3335 ἐύσκοπον
877 3269 1102 3354 α’ργειμόντην.

229 3382 300 3444 ἔνθ’
324 3375 433 3454 ἄλλοις
453 3383 515 3460 μὲν
539 3382 644 3443 πᾶσιν
665 3376 832 3464 ἑήνδανεν,
854 3378 934 3443 ου’δέ
953 3380 1034 3442 ποθ’
1047 3375 1134 3461 Ἥρῃ

229 3487 306 3550 οὐδὲ
327 3485 531 3551 Ποσειδάων’
555 3485 633 3550 ου’δὲ
653 3484 851 3567 γλαυκώπιδι
870 3484 968 3570 κούρῃ
988 3511 1016 3549 κ.
1034 3508 1062 3548 τ.
1083 3484 1111 3549 λ.

166 3596 279 3675 Itaque
303 3593 377 3658 deos
400 3595 516 3658 mortui
540 3593 685 3659 Hectoris
715 3595 841 3658 miseret
870 3599 967 3675 atque
991 3591 1152 3656 altercatio
1176 3590 1332 3653 intereos

165 3703 285 3783 oritur,
314 3719 443 3783 eamque
472 3721 528 3784 per
558 3701 720 3766 duodecim
749 3701 815 3766 dies
842 3701 1056 3767 continuatam
1085 3715 1153 3762 esse
1181 3715 1220 3760 ex
1242 3715 1270 3760 v.
1293 3695 1329 3758 al

166 3815 311 3891 apparet:

229 3916 300 3979 ἄλλ’
323 3911 378 3978 ὅτε
399 3913 441 4000 δή
465 3898 534 3999 p'ar'
541 3941 560 3978 κ
580 3917 676 3978 τοῖο
694 3911 886 3997 δυωδεκάτη
906 3912 1005 3995 γένετ’
1026 3908 1101 3994 ἠύς,

166 4042 206 4087 ex
228 4040 290 4103 quo
310 4022 469 4103 sequitur,
500 4027 537 4087 ut
559 4023 640 4088 trahi
662 4039 787 4105 quoque
808 4021 972 4086 Hectorem
1002 4036 1058 4100 per
1079 4015 1242 4083 duodecim
1263 4015 1331 4081 dies

167 4127 409 4193 existimandum
432 4130 483 4194 sit.
