2992 4846
830 288 872 360 50

269 479 348 542 satis
369 477 411 541 sit
442 475 581 555 repetere
615 493 692 555 quae
724 475 885 539 adnotavit
913 475 1066 556 Heynius:
1097 475 1175 556 „Est
1208 475 1339 560 ellipsis
1368 482 1438 545 τοῦ·

266 587 299 650 si
334 601 501 664 numquam
531 584 561 646 in
591 584 670 647 hanc
697 584 926 647 contentionem
957 583 1220 648 descendissemus
1251 585 1348 667 τότε,
1380 586 1436 652 ὅτε

265 696 323 756 νῶι
341 693 419 756 etc.“·

347 798 442 863 Porro
461 796 500 860 ad
523 816 550 859 v.
573 800 611 860 57

603 899 659 965 ὅτε
680 905 736 964 νῶι
759 925 821 984 περ
842 901 1011 984 ἀχνυμε’νω
1032 906 1091 985 κῆρ

266 1012 396 1077 cundem
437 1010 591 1074 conferas:
635 1011 792 1088 „dolentes
832 1013 912 1075 ulter
950 1011 1082 1090 repetitu
1121 1011 1311 1093 Chryseida,
1351 1018 1432 1080 ulter

265 1119 440 1184 Briseide&

347 1231 387 1289 nt
415 1224 474 1287 hoc
503 1221 569 1285 loco
597 1221 820 1302 ἀχνυμένω
850 1224 923 1304 κῆρ
954 1240 1056 1302 ‚aegre
1083 1220 1228 1286 forentes'
1252 1224 1433 1304 significare

265 1333 376 1397 (lebete
398 1337 431 1395 et
452 1329 491 1393 ad
508 1346 630 1392 versum
654 1327 840 1407 explendum
864 1327 1035 1394 adhibitum
1060 1346 1127 1392 csse
1144 1328 1275 1409 videtur,
1297 1331 1328 1394 id
1347 1335 1432 1414 quod

264 1438 447 1504 imitatorem
470 1435 585 1518 prodit.
626 1435 754 1499 Duobus
776 1435 845 1498 aliis
865 1435 937 1499 locis
959 1455 1043 1501 num.
1065 1435 1147 1501 dual.
1168 1437 1343 1518 ἀχνυμένω
1360 1458 1432 1502 curn

264 1549 322 1630 κῆρ
351 1546 533 1608 coniunctus
561 1545 601 1608 de
631 1543 718 1622 equis
750 1550 921 1624 usurpatur
951 1548 998 1617 (Ψ
1019 1545 1079 1608 aad
1104 1551 1136 1606 et
1163 1545 1253 1624 443),
1281 1546 1314 1610 id
1348 1551 1435 1628 quod

264 1654 375 1717 mirum
392 1652 522 1716 videtur.
560 1649 693 1715 Omnino
715 1655 808 1730 poeta
826 1651 1023 1730 participium
1040 1651 1124 1714 verbi
1141 1645 1324 1734 ἀχνυσθοιι,
1347 1657 1433 1740 qnod

264 1762 384 1824 circiter
413 1758 622 1839 qrradraginta
649 1757 783 1837 quinque
813 1757 886 1821 locis
917 1758 1087 1836 invenitur,
1115 1759 1296 1841 plerumque
1322 1782 1434 1828 versus

265 1865 404 1948 explendi
428 1882 522 1929 causa
545 1864 618 1927 milri
639 1863 760 1928 videtur
778 1864 925 1944 posuisse.

346 1973 422 2036 Tum
447 1971 548 2035 versui
571 1972 611 2034 58
963 2038 971 2064 θ

457 2076 637 2159 θυμοβόρῳ
659 2077 738 2158 ἔριδι
759 2076 962 2161 μενεήναμεν
983 2075 1092 2140 εἵνεκα
1111 2077 1225 2161 κούρης

264 2202 450 2265 quamquam
481 2184 605 2247 dativus
634 2183 812 2265 θυμοβόρῳ
842 2183 921 2265 ἔριδι
950 2184 1006 2248 hoc
1035 2192 1155 2250 tantum
1185 2189 1250 2251 loco
1280 2193 1436 2275 occurrit,

265 2293 403 2371 exemplo
427 2299 529 2355 tamen
551 2290 644 2355 fnisse
664 2284 787 2355 videtur
809 2297 845 2353 H
866 2295 942 2354 210:
1071 2356 1076 2374 .

455 2398 644 2481 θυμοβόρου
669 2399 771 2478 ἔριδος
789 2405 882 2478 με’νεϊ
904 2401 1034 2481 ξυνέηκε
1054 2398 1233 2479 μάχεσθοιι,

263 2504 430 2570 Genetivus
463 2513 566 2569 autern
597 2505 788 2587 θυμοβόρου
820 2504 923 2586 ἔριδος
951 2506 979 2567 ἰν
1014 2511 1050 2568 Η
1058 2507 1113 2570 301
1148 2525 1268 2587 quoque
1300 2510 1430 2589 legitur.

264 2610 403 2693 Uterque
428 2630 536 2676 versus
562 2612 629 2675 libri
656 2619 692 2675 H
715 2611 753 2674 ad
785 2629 920 2692 pugnam
951 2613 1156 2692 singularem,
1184 2632 1274 2694 quam
1306 2617 1432 2699 dicunt,

266 2720 368 2784 Aiacis
391 2725 423 2783 et
444 2718 586 2783 Hectoris
609 2719 756 2799 pertinet.
802 2718 911 2782 Versui
935 2717 991 2782 301
1017 2726 1121 2782 autem
1145 2720 1258 2784 similes
1278 2729 1355 2787 sunt

266 2833 302 2891 11
322 2827 382 2890 476
403 2826 580 2904 (Patroclus
602 2843 670 2889 cum
694 2825 871 2907 Sarpedone
893 2827 1026 2906 pugnat)

346 2934 392 2994 col
414 2934 442 2995 δ’
452 2922 543 3006 atlete
565 2937 698 3016 συνίτην
719 2932 821 3015 ἔριδος
841 2940 917 3015 πέρι
936 2931 1146 3014 θυμοβόροιο.

265 3046 297 3104 et
321 3045 352 3103 Υ
371 3045 429 3104 253
453 3041 502 3124 (ex
524 3040 703 3119 longissima
726 3045 759 3103 et
780 3046 926 3120 suspecta
949 3039 1071 3103 Aeneae
1093 3039 1271 3118 oratione):

345 3147 429 3210 ἀλλά
451 3152 503 3229 τίη
525 3147 631 3228 ἔριδας
652 3147 705 3209 καὶ
728 3151 835 3208 νείκεα
856 3147 932 3208 νῶιν
954 3144 1078 3228 ἀνάγκή

347 3257 463 3315 νεικεῖν
485 3253 672 3336 ἀλλήλοισιν
693 3255 855 3332 ἐναντίον,
879 3249 922 3336 δίς
942 3275 978 3313 τε
999 3257 1157 3334 γυναῖκας,
1191 3266 1193 3271 “

265 3360 324 3422 253
345 3358 435 3422 αἵτε
456 3360 682 3442 χολωσάμεναι
703 3361 840 3441 ἔριδος
860 3361 957 3441 Ιπερὶ
978 3359 1237 3442 θυμοβόροιο

347 3469 482 3530 νεικεῦσ’
504 3465 660 3554 ἀλλήλῃσι
680 3475 784 3549 με’σιχν
806 3469 837 3541 ἐς
858 3463 973 3549 ἄγυιαν
995 3465 1111 3546 ἰοῦσαι,

346 3572 439 3636 πόλλ’
461 3573 536 3636 ἔνεό
557 3575 668 3637 τεκαὶ
689 3574 770 3637 ου’κί·
801 3573 895 3654 χόλος
914 3575 953 3638 δέ
971 3577 1081 3638 τεκαὶ
1102 3576 1144 3638 τό
1167 3573 1288 3639 κελεύει
1298 3580 1330 3657 ¹).

348 3680 459 3761 Itaque
479 3681 662 3744 locutionem
684 3679 868 3762 θυμοβόρος
889 3683 951 3762 ἔρις
980 3701 1017 3744 ox
1048 3684 1182 3748 carmine
1205 3690 1241 3746 H
1264 3692 1427 3766 sumptam

266 3787 391 3850 credere
413 3805 532 3867 pronus
554 3805 628 3851 sum.

336 3952 360 4015 1)
380 3951 431 4005 cfr.
451 3951 485 4003 ad
506 3951 577 4004 hune
598 3953 687 4004 tolum
709 3953 796 4006 locum
817 3953 844 4006 L.
863 3953 1065 4008 Friedlaenderi
1085 3953 1207 4008 Analect.
1225 3957 1302 4008 Hom.
1321 3977 1347 4027 p.
1361 3959 1426 4015 474.

267 4038 398 4092 Carminis
424 4040 446 4086 Y
463 4053 558 4090 versus
577 4037 695 4092 75-350
719 4039 875 4108 posterioris
897 4039 1011 4110 originis
1034 4056 1090 4095 esse
1108 4040 1168 4094 rult
1187 4041 1217 4095 Β.
1236 4041 1344 4096 Niesius
1366 4043 1386 4100 i.
1407 4046 1426 4100 l.

266 4143 291 4192 p.
312 4123 387 4176 llsss.
423 4123 470 4176 Ed.
492 4123 652 4175 Kannnerus
674 4126 734 4187 ,Zur
753 4125 940 4184 honrerisehen
962 4129 1054 4195 Fruge*
1076 4145 1100 4194 p.
1119 4131 1191 4180 lise.
