2992 4846
710 289 763 351 253

251 463 566 528 Animadvertendum
596 469 643 529 est
671 471 775 529 autem
799 473 828 531 Σ
851 471 907 530 114
935 468 1070 548 incipere
1091 470 1149 530 νῦν
1169 468 1197 530 δ’
1225 455 1325 552 aeque

166 589 204 635 ac
227 576 260 633 T
276 571 329 650 67,
360 569 468 634 deinde
489 570 570 636 hunc
595 577 626 634 T
643 573 680 636 67
705 573 865 637 terminari
887 574 984 638 ov'de'
1007 579 1049 638 τί
1071 597 1120 657 με
1143 575 1220 662 χρή
1247 579 1324 642 sicut

163 683 202 742 Π
220 681 276 740 721
331 690 338 703 ’

246 799 372 881 Ἕκτορ,
394 805 491 863 τίπτε
511 805 613 883 μάχης
633 800 898 881 α’ποπαύεαις
924 802 1022 867 ούδέ
1039 808 1081 866 τί
1101 822 1146 867 σε
1165 803 1249 890 χρή·

166 925 228 988 quo
250 908 315 971 loeo
337 906 529 970 α’παπαύεαι
544 915 711 988 usurpatur
733 927 790 989 pro
813 908 909 971 παύω
925 909 1032 989 χόλον,
1055 911 1137 991 quod
1160 917 1206 976 esi
1231 917 1262 974 T
1276 917 1325 977 67.

163 1015 278 1097 Itaque
304 1020 335 1077 T
351 1016 451 1078 65-7
474 998 550 1080 mihi
575 1015 718 1079 videntur
738 1015 809 1079 faeti
834 1035 902 1080 esse
925 1036 962 1080 ex
983 1024 1020 1080 11
1041 1024 1073 1081 et
1095 1024 1136 1098 Σ,
1158 1020 1189 1082 in
1211 1021 1325 1100 quihus

163 1121 242 1186 illud
263 1120 348 1184 ἄλλα
368 1122 410 1183 τοὶ
432 1126 494 1202 μὲν
515 1122 742 1202 προτετύχθαι
762 1124 849 1203 prius‘
869 1124 1053 1187 inveniatur.

249 1246 348 1310 Porro
372 1245 410 1309 de
434 1265 459 1309 n.
483 1249 538 1323 66,
567 1247 596 1310 in
617 1265 679 1327 quo
708 1248 820 1327 legitur
840 1247 999 1321 α’σκελέως
1022 1248 1087 1311 αἰεὶ
1108 1257 1326 1332 μενεαινέμεν,

162 1353 242 1417 nihil
264 1353 348 1416 aliud
378 1353 476 1418 dicam
499 1355 556 1417 nisi
583 1352 640 1418 hoc
668 1360 788 1418 tantum
809 1355 876 1419 loen
898 1354 1057 1428 α’σκελέως
1078 1373 1146 1419 cum
1172 1354 1236 1419 αιέὶ
1256 1375 1326 1420 mn-

162 1462 308 1525 iunetum
339 1477 405 1524 esse
430 1466 462 1523 et
483 1458 620 1546 α’σκελής
640 1461 773 1535 α’σκελές
812 1462 841 1524 in
874 1462 1015 1543 Odyssea
1046 1467 1166 1526 tantum
1196 1463 1325 1527 inveniri

161 1591 185 1630 α
209 1570 251 1630 68
275 1566 295 1628 d
318 1571 376 1630 643
398 1591 416 1627 κ
437 1571 505 1647 463,
527 1568 639 1647 quibus
662 1567 736 1633 loeis
758 1587 818 1632 non
840 1587 960 1650 semper
981 1568 1061 1632 idem
1084 1567 1267 1648 significant.

206 1692 374 1756 Postremo
394 1693 424 1754 in
447 1709 473 1754 v.
498 1691 598 1754 74-5

249 1812 295 1888 ὦς’
312 1816 425 1897 ἔφαθ’,
447 1812 478 1876 οἱ
498 1814 527 1876 δ’
536 1813 702 1897 ἐχάρησαν
723 1814 911 1901 ἐυκνήμιδες
930 1815 1048 1895 Ἀχαιοί

249 1925 346 2008 μῆνιν
366 1920 567 1995 α’πειπόντος
585 1920 782 2003 μεγαθύμου
801 1922 983 2004 Πηλεύωνος

162 2082 203 2093 -
226 2053 261 2110 ut
278 2046 370 2109 etiam
389 2046 443 2109 lms
464 2064 579 2124 versun,
598 2047 650 2127 qni
668 2047 839 2111 orationem
857 2046 984 2110 Achillis
1003 2046 1167 2126 excipiunt,
1191 2045 1326 2108 breviter

162 2153 324 2232 attingam
357 2187 391 2197 -
421 2154 585 2234 suspicioni
614 2152 778 2217 obnoxium
811 2161 860 2217 est
886 2151 1088 2225 α’πειπόντος
1119 2153 1158 2232 (v.
1190 2149 1240 2233 75)
1270 2168 1325 2231 pro

162 2258 388 2333 α’ποειπόντος
416 2261 549 2340 dictum,
578 2265 706 2341 propter
733 2262 885 2340 digamma
911 2261 1103 2338 neglectum,
1132 2259 1212 2322 sicut
1242 2280 1264 2318 α
1287 2261 1319 2319 ‘al

162 2368 355 2449 α’πειπέμεν
370 2365 406 2447 ¹).

254 2490 358 2556 Ceteri
381 2491 439 2556 loci
469 2510 574 2556 omnes
603 2500 730 2555 servant
755 2490 825 2552 ύπο
852 2538 859 2553 .
886 2539 893 2553 .
919 2540 936 2570 .,
963 2496 996 2555 ut
1018 2496 1044 2552 Α
1069 2495 1127 2552 616
1152 2487 1323 2570 (ἀπόειπ’),

165 2607 186 2664 1
209 2598 268 2663 309
288 2596 505 2680 (ἀποειπεῖν),
526 2604 545 2661 1
564 2602 623 2661 510
643 2598 832 2681 (α’ποείπῃ),
859 2603 890 2660 Τ
909 2603 946 2660 35
970 2594 1184 2680 (α’ποειπών),
1216 2601 1247 2658 Ψ
1268 2595 1324 2659 361

165 2706 367 2789 (α’ποείποι),
387 2728 409 2765 α
430 2708 489 2767 3ἶὸ
512 2703 700 2786 (α’ποείπω).
744 2705 910 2768 Praeterea
933 2711 965 2768 ei
986 2703 1043 2767 hoc
1064 2701 1275 2781 memorabile,
1296 2701 1328 2764 in

169 2817 251 2878 T35
284 2813 393 2892 longae
424 2811 561 2892 syllabae
592 2814 657 2877 viee
686 2811 773 2892 fungi
802 2811 940 2875 nmikmn
975 2808 1160 2892 (α’ποειπύν
1189 2808 1326 2891 υ---)

166 2926 202 2984 et
225 2919 311 3000 illud,
334 2918 511 2981 α’ποειπεῑν
530 2919 561 2982 in
585 2920 663 2983 T75
687 2917 838 2997 singulari
862 2916 1033 2997 significatu
1056 2916 1093 2980 de
1116 2917 1327 2980 renuntiando

164 3027 306 3108 positum
325 3043 400 3104 esse,
423 3031 532 3089 contra
549 3045 606 3106 pro
621 3025 761 3105 negando
779 3026 950 3089 recusando
968 3024 999 3087 in
1019 3026 1116 3086 Α615
1135 3029 1160 3086 ῚΙ
1177 3025 1245 3086 610.
1257 3028 1328 3104 675,

165 3135 210 3199 de
233 3133 337 3214 palam
362 3133 490 3197 dicendo
511 3134 541 3196 in
564 3136 687 3197 11416.
713 3139 731 3196 1
751 3133 820 3195 309.
844 3135 912 3195 431.
940 3137 972 3195 m
995 3133 1051 3194 361
1076 3130 1144 3195 aliis
1165 3129 1250 3195 lodie.

254 3279 355 3354 Atque
383 3275 443 3338 iam
474 3275 549 3338 satis
577 3274 692 3337 dictum
722 3282 769 3337 est
801 3273 838 3335 de
866 3273 909 3337 eis
941 3271 1050 3352 rebus,
1084 3271 1197 3353 quibus
1220 3289 1327 3336 versus

166 3385 293 3445 56-75
317 3379 472 3444 offendere
494 3380 638 3444 debeant.

255 3505 383 3584 Ipsum
407 3522 500 3568 vero
520 3509 761 3584 manentiam
781 3501 1014 3582 utrobique,
1042 3507 1081 3563 et
1107 3505 1138 3562 T
1157 3503 1195 3563 58
1217 3504 1253 3562 et
1277 3501 1326 3580 68,

164 3614 334 3693 ,iratum
364 3611 460 3674 esse’
482 3611 585 3674 haud
616 3611 736 3674 dubie
769 3607 1005 3688 significan
1040 3612 1165 3670 totum
1192 3613 1325 3669 autem

166 3721 303 3784 locum
330 3718 369 3801 (v,
392 3719 526 3798 56—75)
550 3735 741 3781 novarum
765 3733 894 3779 rerum
917 3715 1022 3778 satis
1047 3713 1206 3792 plenum
1239 3730 1326 3776 esse

241 3953 269 4022 Ῑ)
288 3953 342 4009 cfr·
361 3956 394 4010 A.
407 3954 590 4009 Ludwichium
612 3954 631 4009 l.
647 3954 664 4006 l.
677 3971 703 4022 p.
718 3955 764 4007 75:
785 3955 962 4022 »Ἀρίσταρχος
980 3952 1025 4006 iffa)
1039 3948 1084 4001 τοῦ
1100 3959 1115 4002 ὒ
1133 3948 1325 4008 »ducendum«,

167 4041 213 4092 καὶ
230 4043 261 4090 αἱ
278 4041 383 4100 πλείους.
418 4042 470 4099 Aa·
489 4042 597 4096 Scilicet
614 4042 778 4099 ύποειπόιτος
796 4055 850 4093 esse
868 4038 978 4091 debebat
988 4075 1062 4090 .....
1086 4042 1111 4089 et
1132 4036 1215 4102 facile
1234 4050 1326 4088 aeneae

167 4128 210 4181 Sic
220 4129 351 4182 constitui
357 4135 469 4198 poterat
479 4132 561 4197 ,μῆνιν
571 4130 735 4185 ἀποιιπύντος
745 4125 840 4191 ἀγαυοῦ
851 4123 1009 4192 Πηλείωνος’.
1028 4122 1124 4190 Heylle
1135 4120 1194 4185 VII,
1212 4139 1236 4188 pl
1249 4121 1324 4174 610«.
