2978 4844
806 298 848 362 54

173 539 179 550 ,
251 477 491 540 ostendisse
514 475 608 538 mihi
629 475 788 557 videor,
811 482 854 539 ut
875 494 893 538 a
915 477 1148 557 posteriore
1172 478 1395 559 aliquoimi·

252 587 387 646 tatore
409 601 492 646 eum
515 588 642 644 ortum
668 600 757 645 esse
779 588 870 646 tuto
891 583 1115 648 credamus.

332 689 425 769 Atqui
457 690 486 752 in
519 687 596 750 libro
628 692 659 749 T
684 688 762 751 alius
794 707 918 772 quoque
950 708 1057 753 versus
1090 673 1249 771 superest}
1284 693 1314 754 in
1345 711 1397 772 quo

250 800 430 876 μενεαίνειν
451 795 532 858 idem
562 793 636 857 iliud
667 796 780 857 iratum
813 814 881 859 esse
902 796 1063 876 significet.
1106 798 1147 861 Et
1168 800 1199 861 in
1224 817 1260 861 eo
1282 798 1400 878 quidem

250 903 438 966 imitatorem
460 899 602 966 faciilime
626 917 858 983 cognoscemu53
885 909 934 966 est
956 910 1058 967 autem
1078 924 1105 968 v.
1131 910 1198 969 367.

775 1024 806 1081 Τ
822 1024 880 1081 367

332 1123 465 1188 Achilles
489 1141 575 1187 arma
599 1125 699 1188 induit
719 1132 827 1189 eontra
850 1126 1001 1190 Troianos
1022 1133 1234 1206 pugnaturus:

251 1252 277 1295 v.
302 1236 361 1295 364
381 1266 424 1275 -
446 1232 481 1294 ἐν
503 1231 540 1293 δὲ
560 1238 688 1312 μέσοισι
709 1231 887 1312 κορύσσετο
909 1233 977 1306 δῖος
996 1233 1157 1313 Ἀχιλλεύς.

381 1343 438 1401 365
461 1341 520 1400 τοῦ
539 1338 593 1399 καὶ
615 1336 760 1402 ὀδόντων
781 1343 842 1421 μὲν
863 1340 988 1427 καναχή
1011 1339 1098 1420 πέλε,
1120 1340 1168 1402 τιό
1189 1341 1228 1403 δέ
1246 1337 1277 1400 οό
1297 1334 1377 1402 όσσε

459 1445 660 1527 λαμπέσθην
682 1444 722 1518 ιός
743 1446 779 1508 εί
794 1469 829 1507 τε
850 1448 983 1526 πυρός
1004 1448 1141 1526 σέλας,
1164 1448 1200 1510 ἐν
1221 1447 1259 1509 δέ
1279 1445 1310 1508 οἱ
1329 1435 1402 1528 ήτορ

383 1555 440 1613 367
462 1550 532 1614 δῦν’
546 1548 623 1631 ἄχος
642 1547 791 1637 ἄτλητον·
824 1552 841 1615 ό
864 1552 892 1615 δ’
910 1550 976 1634 ἄρα
996 1555 1157 1634 Τρωσὶν
1178 1559 1402 1634 μενεαίνων

382 1661 441 1721 368
463 1658 581 1720 δυσετο
604 1659 692 1739 διόρα
714 1663 806 1738 θεοῦ,
827 1659 869 1722 τά
895 1659 925 1722 οἱ
937 1658 1120 1743 Ἥφαιστος
1140 1660 1225 1742 κάμε
1246 1659 1377 1739 τεύχοντ’.

299 1766 357 1829 369
380 1765 537 1847 κνημῖδας
553 1770 614 1846 μέν
633 1769 749 1845 πρῶτα
770 1768 845 1848 περὶ
869 1765 1028 1851 κνήμῃσιν
1050 1769 1169 1849 ἔθηκεν

378 1870 486 1951 καλάς,
508 1871 706 1952 α’ργυρέοισιι·
725 1874 927 1956 ἐπισφυρίοις
948 1873 1112 1954 α’ραρυίας·

297 1983 350 2042 371
376 1976 528 2057 δεύτερον
549 1969 592 2041 αύ
613 1976 747 2062 θώρηκα
768 1980 843 2059 περὶ
866 1977 1051 2065 στήθεσσιν
1075 1981 1205 2046 ἔδυνεν,

378 2086 465 2169 οἷμφὶ
488 2087 517 2148 δ’
537 2083 590 2167 ἄρ’
611 2081 747 2167 ὤμοισιν
765 2086 887 2168 βάλετο
908 2090 1000 2169 ξίφος
1021 2087 1216 2170 ἀργυρόηλον

299 2197 356 2255 373
377 2191 522 2272 χάλκεον·
555 2193 661 2274 αότάρ
680 2195 794 2255 ἔπειτα
816 2192 913 2266 σάκος
932 2202 1014 2274 μέγα
1034 2217 1070 2255 τε
1090 2194 1249 2275 στοκαρόν
1268 2219 1304 2257 τε
1407 2251 1409 2255 .

292 2301 351 2363 374
374 2296 485 2376 εἵλετο,
504 2303 563 2363 τοῦ
583 2301 611 2362 δ’
622 2299 799 2363 α’πάνευθε
822 2299 944 2372 σέλας
963 2300 1062 2379 γένετ’
1079 2280 1157 2386 ήότε
1179 2301 1290 2385 μήνης.

372 2404 413 2479 ὥς
434 2408 464 2468 δ’
474 2403 520 2470 ὅτ’
540 2405 582 2470 ἄν
603 2408 638 2469 ἐκ
660 2405 792 2469 πόντοιο
814 2405 938 2480 σέλας
960 2406 1096 2490 ναύτῃσι
1118 2407 1227 2493 φανήῃ

373 2521 586 2594 καιομένοιο
609 2511 736 2592 πυρός·
768 2512 805 2575 τό
827 2513 864 2575 δὲ
884 2518 1035 2576 καίεται
1053 2513 1160 2600 ύψόθ
1178 2507 1314 2597 όρεσφιν

373 2623 515 2702 σταθμῷ
536 2621 572 2683 ἐν
593 2619 743 2700 οἰοπόλῳ·
775 2620 849 2693 τούς
867 2620 896 2682 δ’
917 2620 976 2682 ούκ
996 2621 1171 2694 ἐθέλοντας
1191 2618 1305 2686 ἄελλαι

371 2724 494 2790 πόντον
514 2728 567 2789 ἐπ’
583 2725 763 2806 ἰχθυόεντα
786 2726 887 2809 φίλων
909 2725 1086 2789 άπάνευθε
1110 2737 1271 2810 φέρουσιν.

373 2832 475 2896 u'i'a'n'
495 2832 649 2918 Ἀχιλλῆος
668 2833 785 2906 σάκεος
808 2832 930 2906 σέλας
951 2831 1058 2914 αἰθέρ’
1080 2832 1189 2896 ἱόιανεν

293 2929 352 3006 380
373 2940 473 3003 καλοῦ
492 2939 672 3003 δαιδαλέου.
716 2940 791 3021 περὶ
814 2924 852 3001 δέ
870 2938 1070 3021 τρυφάλειαν
1091 2940 1202 3020 αἐίρας

372 3047 464 3129 κρατὶ
486 3051 567 3109 θέτο
588 3045 731 3132 βριαρήν·
774 3047 795 3128 η’
815 3046 844 3108 δ’
864 3046 998 3131 άστήρ
1021 3045 1066 3120 ὣς
1088 3048 1343 3128 α’πέλαμπεν

249 3155 351 3332 {382
375 3152 527 3234 ἵππουρις
548 3152 738 3235 τρυφάλεια,
761 3157 988 3233 περισσείοντο
1010 3153 1038 3215 δ’
1057 3155 1183 3234 ἔθειραι

294 3269 352 3333 383
371 3267 514 3348 χρύσεαι,
537 3267 576 3341 ἃς
587 3266 771 3349 Ἥφαιστος
793 3265 833 3331 ἵει
853 3266 957 3351 λόφον
978 3267 1065 3349 α’μφὶ
1085 3267 1237 3347 θαμειάς.

371 3374 515 3461 πειρήθη
537 3374 566 3436 δ’
584 3375 617 3436 ἔο
639 3373 740 3437 αύτού
761 3376 796 3436 ἐν
817 3376 923 3437 ἔντεσι
943 3375 1011 3446 δῖος
1034 3372 1199 3454 Ἀχιλλεύς,

370 3480 400 3544 εί
424 3473 458 3544 οἷ
473 3480 697 3563 ἐφαρμόσσειε
717 3481 771 3542 καὶ
795 3482 934 3563 ἐντρέχοι
956 3480 1062 3560 οἷγλαά
1083 3484 1165 3561 γυῖα·

370 3591 416 3669 τῷ
437 3588 465 3650 δ’
486 3578 560 3652 εὖτε
582 3588 686 3668 πτερά
707 3587 828 3668 γίγνετ’,
852 3584 943 3667 ἄειρε
964 3587 1001 3649 δὲ
1023 3593 1162 3668 ποιμένα
1182 3584 1278 3648 λαιόν.

372 3695 408 3781 ἐκ
427 3694 456 3756 δ’
479 3693 544 3776 ἄρα
564 3691 705 3773 σύριγγος
724 3691 888 3774 πατρώιον
909 3692 1073 3757 ἐσπάσατ’
1095 3694 1191 3772 ἔγχος,

293 3800 352 3866 388
374 3800 473 3883 βριθύ
496 3808 578 3882 μέγα
599 3797 762 3881 στιβαρόν.
794 3800 832 3861 τό
853 3803 914 3880 μὲν
935 3798 975 3862 ου’
996 3799 1107 3861 δύνατ’
1128 3796 1225 3871 ἄλλος
1245 3799 1375 3878 Ἀχαιιόν

293 3911 352 3973 389
373 3906 519 3986 πάλλειν,
542 3904 626 3970 α’λλά
647 3928 702 3987 μιν
723 3897 788 3978 οἶος
810 3906 969 3969 ἐπίστατο
992 3905 1093 3989 πήλαι
1113 3903 1276 3984 Ἀχιλλεύς,

295 4019 353 4079 390
374 4011 526 4095 Πηλιάδα
547 4013 673 4095 μελίην,
695 4012 755 4095 τήν
773 4012 873 4090 πατρὶ
895 4011 977 4093 φιλρῑ
998 4011 1081 4092 πόρε
1103 4016 1230 4089 Χείρων

294 4122 351 4185 391
376 4121 497 4204 Πηλίου
518 4121 553 4183 ἐκ
574 4122 720 4205 κορυφῆς,
744 4116 845 4200 φόνον
867 4118 1004 4198 ἔμμεναι
1025 4117 1194 4204 ήριόεσσιν.
1306 4100 1310 4107 ’
