2992 4846
729 302 769 364 70

163 476 258 553 Quem
301 495 424 540 versum
463 479 544 566 qnod
586 485 777 562 sequuntur:
817 481 844 544 2.
876 477 992 561 κούρην
1028 479 1066 542 δὲ
1104 484 1200 563 προτὶ
1242 480 1337 548 ἄστυ

163 591 260 664 φέρεν
286 591 380 664 μένος
408 585 576 667 ιξμιόννιιν.
627 588 655 651 3.
684 586 704 669 ἡ
734 586 764 648 d‘
791 583 846 648 ὅτε
875 587 916 666 δή
943 575 984 649 οὗ
1012 589 1137 669 πατρός
1163 591 1336 670 α’γακλυτεὶ

161 690 296 771 δώμαθ’
319 688 448 771 licerer,
479 692 579 774 seqq,
613 693 778 757 concludat
800 695 869 773 quis
898 693 1021 758 Ulixem
1051 714 1106 776 per
1129 702 1227 761 totum
1255 699 1336 763 illud

161 806 283 878 tempos
301 817 395 880 usqne
415 807 575 881 precatum
596 819 673 879 esse,
693 800 764 864 dum
777 801 901 864 Antinoi
918 800 982 864 lilia
1000 801 1122 865 domum
1140 803 1336 869 advenisset.

162 905 242 970 Sunt
274 914 378 970 autem
411 914 474 971 tam
505 924 602 988 pauca
634 907 747 985 verba,
787 915 822 972 ut
855 908 1009 989 rhapsodo
1050 909 1268 989 interpolatori
1301 918 1337 976 et

162 1018 283 1093 tempus
306 1024 338 1078 ct
360 1015 476 1095 optima
501 1016 621 1079 occasio
645 1033 713 1079 esse
738 1016 802 1079 visa
825 1016 875 1095 sit,
897 1023 931 1079 ut
952 1015 1009 1078 hoc
1032 1016 1097 1079 loco
1122 1014 1335 1082 differentiam

160 1109 243 1182 illan
284 1121 322 1183 de
356 1120 496 1185 Minerva
536 1122 689 1186 adiutrice
727 1122 925 1202 complanare
962 1128 1138 1187 conaretur.
1192 1123 1334 1189 Tantum

161 1232 266 1289 autem
296 1227 405 1305 abest,
432 1234 467 1292 ut
495 1247 552 1308 ego
584 1228 625 1292 illi
656 1228 810 1308 rhapsodo
845 1229 1032 1308 morigerer,
1061 1233 1096 1292 ut
1123 1229 1337 1310 Bergkium1)

162 1344 284 1398 secutus
308 1342 406 1398 totam
425 1337 639 1416 precationem
662 1337 809 1398 insertam
828 1353 896 1398 esse
917 1335 1029 1414 malim,
1052 1354 1144 1418 quam
1164 1342 1198 1400 ut
1215 1337 1336 1402 Home-

161 1459 230 1504 rum
255 1460 311 1521 pro
335 1443 415 1505 malo
436 1449 529 1522 poeta
551 1442 693 1506 babeam.
743 1441 918 1505 Memineris
935 1443 1014 1504 enim
1038 1441 1211 1506 Minervam
1235 1442 1335 1508 etiam

163 1549 335 1612 invocatam
357 1549 495 1622 adfuisse
516 1549 601 1614 Ulixi
625 1573 641 1610 ε
663 1551 731 1613 382.
753 1549 823 1612 4⁶27.
844 1549 916 1612 437.

244 1656 333 1734 Quod
354 1657 380 1720 si
398 1658 585 1736 quaerimus,
610 1657 661 1736 qui
689 1656 813 1718 tandem
830 1673 940 1718 versus
957 1653 1093 1718 hocloco
1109 1655 1237 1735 genuini
1257 1657 1336 1735 sint,

162 1762 416 1826 considerandum
451 1763 538 1827 nobis
569 1771 636 1842 cst,
669 1763 699 1826 id
731 1763 861 1826 maxime
890 1779 967 1842 opus
999 1760 1096 1824 fuisse
1131 1768 1263 1842 poetae,
1300 1772 1338 1827 ut

161 1868 267 1933 Ulixes
297 1877 370 1934 ante
399 1870 505 1935 urbem
538 1879 602 1935 tam
632 1871 683 1935 diu
711 1876 904 1950 remaneret,
934 1870 1003 1932 dum
1037 1869 1159 1932 domum
1191 1871 1338 1935 venisset

160 1975 326 2040 Nausicaa.

160 2083 269 2164 ltaque
293 2083 347 2148 hos
368 2092 451 2147 certe
475 2102 581 2147 versus
604 2084 773 2147 servandos
798 2101 867 2146 esse
889 2081 1044 2145 existimo:

161 2193 179 2267 ζ
198 2193 255 2254 aad
281 2190 401 2254 δύσετο
421 2191 449 2252 τ’
469 2190 581 2273 ἠέλιος,
604 2191 657 2251 καὶ
679 2190 728 2252 coi
748 2189 866 2252 κλυτόν
887 2185 987 2262 ἄλσος
1010 2185 1115 2251 tlorw

202 2300 261 2361 399
285 2297 354 2379 ἱρὸν
375 2299 552 2380 Ἀθηναίης,
577 2295 617 2359 ἵν’
639 2292 690 2378 ἄρ’
712 2298 798 2374 ἕζετο
812 2296 889 2369 -δῖος
909 2294 1092 2369 Ὀδυσσεύς.

160 2428 179 2485 η
243 2392 398 2488 Ξκοῦρῃν
421 2405 458 2466 δὲ
481 2404 577 2485 προτὶ
599 2400 687 2468 ἄστυ
708 2413 806 2487 φέρεν
827 2412 921 2484 μένος
943 2404 1105 2487 ἡμιόνοιιν

161 2511 305 2574 Proxima
328 2513 437 2576 deinde
459 2512 628 2593 rhapsodia
650 2536 669 2594 η
690 2512 734 2575 sic
756 2514 890 2592 incipere
913 2510 1020 2574 debet:

161 2642 179 2700 p
242 2619 261 2680 3
285 2617 414 2702 rfd'iica
433 2621 475 2708 dr)
497 2608 539 2684 ori
559 2620 684 2701 πατρός
705 2619 871 2701 α’γακλνιιὲ
893 2617 1025 2698 δώμαθ’
1048 2615 1167 2696 iborae,

161 2744 249 2806 quern
273 2745 394 2791 versum
419 2728 496 2792 bene
518 2730 623 2791 statim
647 2727 802 2806 excipiunt
824 2743 933 2790 versus
960 2727 1045 2788 less

158 2855 178 2914 η
221 2834 258 2897 14
280 2835 333 2897 καὶ
355 2833 424 2898 τότ’
443 2834 617 2908 Ὀδυσσεύς
636 2823 719 2916 ὦρτο
742 2832 870 2896 πόλινδ’
892 2832 974 2912 ἴμεν·
1018 2849 1105 2912 seqq.

160 2940 396 3006 intercedentes
424 2961 496 3006 vero
528 2961 635 3006 uersus
664 2941 885 3020 {aaa-331,
914 2962 934 3022 η
965 2940 979 3003 1
1010 2945 1042 3003 et
1072 2940 1173 3003 4-13
1203 2937 1332 3001 delendi

160 3053 243 3111 sunt.
278 3049 337 3127 Qui
357 3057 460 3113 tamen
478 3050 661 3113 Homericos
680 3067 748 3113 esse
766 3065 874 3111 versus
899 3047 985 3123 (aad
1001 3053 1032 3109 et
1050 3047 1108 3109 3⁶27
1127 3043 1222 3123 malit,
1245 3045 1333 3109 hunc

160 3173 302 3219 versuum
324 3155 461 3220 ordinem
481 3157 672 3220 constituere
697 3155 838 3219 debebit:
863 3173 910 3217 vv.
929 3153 1208 3234 321-4,3a7-s,
1228 3175 1247 3235 η
1267 3153 1329 3232 3²).
1406 3235 1408 3240 Ι

242 3261 283 3325 Et
304 3263 381 3326 haec
403 3264 562 3326 hactenns:
607 3263 771 3345 Reliquum
796 3268 861 3340 est,
885 3265 919 3323 ut
941 3262 1035 3324 etiam
1060 3283 1082 3321 α
1104 3261 1176 3324 dds,

229 3429 254 3494 1)
276 3428 383 3483 Griech.
405 3430 456 3483 Lit.
476 3431 501 3492 Ι,
520 3451 546 3500 p.
567 3433 633 3492 672,
652 3430 716 3484 Not.
736 3432 777 3485 44.

228 3531 255 3601 2)
275 3532 314 3587 De
338 3533 459 3587 versibus
482 3533 497 3590 d
519 3535 636 3588 328-31
667 3534 733 3601 quid
756 3534 938 3588 iudicaverint
960 3531 1107 3587 Koechlius
1134 3539 1163 3585 et
1188 3530 1327 3585 Ameisins

159 3616 210 3670 viri
231 3619 392 3679 doctissimi,
418 3621 535 3675 breviter
558 3621 705 3674 adnotabo.
744 3621 787 3676 lta
810 3621 882 3675 enim
908 3619 1071 3674 Koechlius:
1099 3617 1205 3686 (Opusc.
1229 3617 1329 3688 philol.

160 3704 237 3758 latin.
256 3707 297 3758 ed.
311 3705 413 3760 Kinkel
430 3727 456 3778 p.
480 3708 546 3774 llil:
566 3709 625 3771 „De
644 3707 658 3765 ζ
675 3713 801 3762 aaa—31
819 3710 888 3762 satis
906 3714 945 3761 est
962 3706 1077 3760 Ameisc'c'
1096 3706 1150 3759 oiri
1168 3706 1330 3760 ornicissimc'
1360 3776 1364 3781 s

159 3793 317 3860 repetivisse
347 3796 529 3847 notationem:
568 3797 621 3849 Die
654 3797 748 3849 leteten
774 3797 832 3848 oier
862 3795 955 3856 Verso,
990 3810 1043 3847 con
1069 3792 1153 3845 denen
1187 3790 1231 3843 dte
1260 3795 1329 3845 ecoeo‘

159 3878 293 3952 nrittleren
309 3896 361 3932 coe
379 3901 389 3930 e
409 3885 463 3934 410
483 3886 506 3930 ψ
525 3887 589 3936 468.
607 3888 663 3936 469
681 3885 697 3932 Ι
712 3888 772 3937 516.
793 3903 809 3933 α
821 3887 861 3936 20
880 3880 1032 3949 compellere
1049 3879 1119 3942 sind,
1136 3883 1188 3932 331
1203 3901 1238 3924 =
1249 3900 1266 3928 α
1281 3883 1328 3942 21,

159 3965 208 4018 bat
232 3965 356 4033 offendar
383 3968 426 4020 ein
452 3967 600 4036 erupsode
628 3969 670 4022 als
695 3969 804 4022 Scbluss
827 3969 988 4037 pebroacld,
1017 3982 1092 4020 coeno
1118 3981 1146 4018 er
1170 3964 1229 4019 bier
1256 3964 1331 4021 Hult

159 4053 277 4115 maclrte;
296 4069 372 4105 wcnn
391 4070 420 4106 er
437 4054 503 4107 aber
522 4056 612 4108 seinen
625 4055 744 4125 Vortrop
760 4055 848 4125 pleich
865 4055 1015 4122 fortsetaca
1033 4053 1130 4115 coelite,
1151 4056 1267 4105 moseten
1286 4055 1329 4107 sie

159 4137 328 4206 wepsollen“.
