2992 4846
543 955 762 1053 VITA.

141 1217 321 1270 Henricns
360 1216 445 1270 Otto
486 1215 701 1270 Franciscus
742 1218 1020 1272 Weidemannus
1064 1220 1146 1270 natus
1186 1233 1247 1271 sum

57 1305 299 1366 Ahrensboecae,
318 1303 346 1355 in
368 1302 427 1355 vico
446 1319 534 1368 nuper
554 1302 744 1367 HoIsatorum,
769 1323 843 1358 nuno
861 1302 1150 1372 Oldenburgiensium‚
1174 1322 1247 1358 anno

54 1393 90 1445 h.
130 1409 154 1444 s.
189 1390 237 1442 LII
271 1389 371 1443 mensis
403 1387 567 1441 Novembris
602 1388 645 1442 dio
680 1391 774 1454 XXII,
809 1396 890 1460 patre
922 1388 1125 1456 Lndolpho,
1160 1394 1249 1444 matre

55 1476 264 1534 Christina
290 1493 304 1528 e
329 1478 413 1544 gente
439 1474 465 1526 N
473 1473 600 1528 ickeIs.
644 1475 738 1529 Fidem
763 1477 953 1546 evangelicam
980 1475 1118 1544 profiteor.
1161 1477 1244 1530 Rudi-
1293 1462 1297 1469 ’

57 1563 174 1619 mentis
197 1562 355 1616 litterarum
377 1561 584 1615 Ahrensuoecae
608 1561 731 1616 imbutus
750 1581 817 1632 puer
834 1563 913 1618 XVII
935 1562 1042 1616 circiter
1064 1579 1197 1616 annorum
1216 1563 1246 1617 in

56 1650 186 1706 tertiam
215 1646 352 1716 gymnasii
376 1646 539 1700 Lubecensis
568 1648 697 1712 classem,
725 1650 831 1703 duobus
857 1648 936 1702 annis
962 1652 1023 1716 post
1045 1648 1075 1701 in
1099 1650 1245 1702 secundam

59 1738 188 1792 classem
206 1732 348 1806 gymnasii¹
364 1733 503 1787 Utinensis
523 1740 650 1803 receptus
668 1753 742 1798 sum,
767 1737 840 1789 unde
860 1738 920 1803 post
938 1738 1073 1802 quattuor
1093 1751 1179 1788 annos
1197 1753 1245 1788 au·

58 1833 170 1877 tunmo
197 1838 270 1875 anno
294 1820 321 1873 h.
341 1840 360 1874 s.
381 1821 492 1874 LXXIV
512 1838 573 1873 oum
600 1822 772 1876 maturitatis
798 1822 871 1888 quod
895 1820 996 1874 dicitur
1021 1821 1179 1875 testimonio
1204 1822 1244 1874 di·

61 1909 170 1963 missus
183 1908 282 1961 studiis
299 1906 473 1976 philologieis
484 1924 564 1977 saepe
575 1908 685 1974 quidem
702 1909 777 1962 mala
787 1907 945 1962 vaIetudine
961 1906 1123 1961 intermissis
1134 1925 1243 1976 operam

62 1995 136 2048 dedi
157 1995 184 2046 in
205 1993 352 2047 academiis
371 1993 468 2056 Kiliae,
487 1994 581 2057 Jonas,
601 1993 720 2062 Lipsiae,
741 1995 911 2064 Regimontii
924 1997 952 2048 et
968 1994 1060 2048 audivi
1076 1993 1244 2048 doctissimos

62 2082 148 2136 viros
176 2080 340 2148 professores
373 2080 511 2144 Curtium,
534 2080 698 2146 Delbrucclr,
728 2082 854 2145 Eundem,
885 2080 1098 2143 Fricdlaender,
1126 2080 1244 2144 Jordan,

66 2168 225 2231 Luebtert,
261 2167 411 2230 Lodwr'rh,
444 2166 554 2229 Rhode,
585 2167 704 2232 Sicocrs,
735 2167 937 2236 Volaterrana,
968 2168 1086 2228 Walter,
1121 2167 1244 2221 Zorrcolre

65 2254 158 2316 alios,
182 2253 281 2321 quibus
306 2252 433 2305 omnibus
457 2252 500 2306 hic
524 2252 630 2322 gratias
653 2270 713 2321 ago,
750 2253 783 2305 In
803 2251 946 2306 academia
965 2251 1171 2320 Regimontana
1194 2270 1242 2322 pro

65 2338 211 2393 facultate
229 2338 345 2392 docendi
365 2338 537 2391 examinatus
557 2341 663 2392 aestate
682 2339 747 2392 anni
769 2340 795 2392 h.
813 2358 832 2392 s.
846 2339 960 2394 LXXXI
979 2339 1139 2407 perplures
1158 2357 1243 2393 annos

68 2424 259 2495 praeceptoris
274 2442 386 2478 munere
401 2425 543 2491 fungebar.
575 2427 716 2478 Postremo
731 2442 816 2493 usque
834 2443 851 2478 a
864 2441 926 2478 vere
945 2423 1013 2476 anni
1027 2423 1054 2477 h.
1070 2442 1090 2479 s.
1104 2426 1243 2479 LXXXVI

13 2578 16 2583 Ι
68 2529 123 2581 per
142 2513 197 2564 duo
216 2511 359 2564 semestris
383 2511 481 2564 studiis
500 2511 674 2580 philologieis
698 2513 788 2565 denuo
806 2526 851 2564 me
874 2508 938 2564 dedi
961 2509 991 2562 in
1013 2512 1153 2565 academia
1171 2513 1240 2565 Illar-

69 2597 220 2667 burgensi,
246 2598 293 2650 ubi
318 2598 417 2650 scholis
441 2597 556 2651 interfui
576 2600 696 2651 virorum
723 2598 940 2651 doctissimorum
967 2598 1150 2665 professorum
1169 2599 1241 2664 Birt,

72 2685 181 2747 (lohere,
216 2685 303 2746 Lens,
336 2686 433 2747 Nicsc,
467 2686 501 2738 L.
527 2685 662 2750 Schmidt,
693 2684 792 2752 quibus
825 2684 951 2737 omnibns
979 2683 1024 2738 hic
1055 2685 1160 2754 gratias
1187 2702 1241 2753 ago

10 2786 13 2827 2
70 2770 217 2824 maximas.
259 2773 382 2824 Examen
409 2773 560 2840 rigorosum
585 2771 727 2840 Marbnrgi
754 2770 883 2838 superavi
906 2771 1007 2826 mensis
1031 2772 1172 2825 Februarii
1197 2771 1241 2824 die

10 2862 24 2941 ἕρ
70 2857 167 2912 XXIX
186 2874 259 2911 anno
278 2858 304 2911 h.
324 2875 343 2911 s.
363 2858 538 2913 LXXXVIII.
