2992 4846
813 288 852 348 22

357 463 434 525 aroc
455 461 484 523 δ’
505 455 575 548 ἤτοι
595 465 656 541 μὲν
678 463 739 543 ε’γιδ
761 460 960 550 θωρήξομαι·
982 464 1066 527 atad
1088 465 1165 544 μαλ’
1186 466 1281 541 αἰνῶς

356 568 454 631 δείδω
474 566 518 656 μή
540 590 595 651 μοι
615 567 721 652 τόφρα
744 574 920 633 Μενοιτίου
942 567 1078 652 ἄλκιμον
1098 570 1170 635 νὶύν

354 681 447 758 μύίαι
462 676 624 741 καδδῦσαι
644 677 727 739 κατοί
749 676 978 758 χαλκοτύπονς·
1002 677 1133 753 ω’τειλοίς

293 787 332 850 Aa
354 784 451 856 εύλοὲς
470 784 681 864 ἐγγείνωνται,
702 784 952 860 αἐικίσσωσι
974 785 994 847 δ
1002 789 1018 848 ὲ
1039 787 1185 866 νεκρόν
1207 824 1245 833 -

357 893 391 954 ἐκ
413 891 443 954 δ’
463 891 546 954 αίιύν
568 901 725 975 πέφαται,
751 928 782 938 -
806 892 891 956 κατοὲ
908 892 946 955 δὲ
967 890 1050 973 χρόα
1071 892 1183 956 πάντα
1204 893 1349 979 Ισαπήγγ·«

339 1016 474 1082 Achilles
506 1016 585 1079 enim
606 1018 729 1094 metuit,
757 1034 806 1096 ne,
836 1016 908 1079 dum
939 1016 1003 1096 ipse
1035 1035 1104 1080 cum
1126 1018 1261 1082 Hectore
1284 1029 1418 1102 pugnet,

254 1142 379 1190 muscae
402 1141 522 1188 vermes
544 1123 576 1187 in
599 1140 727 1206 corpore
749 1122 884 1187 Patrocli
907 1123 1054 1204 insepulti
1076 1125 1217 1203 gignant.

332 1241 505 1321 Ignominia
535 1241 645 1322 igitur,
672 1257 764 1321 quam
795 1238 911 1304 Hector
941 1238 981 1302 ab
1005 1240 1120 1305 Achille
1150 1260 1299 1321 passurus
1331 1251 1415 1327 erat,

252 1368 318 1414 cum
340 1349 379 1412 ad
401 1366 495 1412 naves
518 1347 711 1427 tralrehatur,
734 1347 844 1410 eadem
866 1353 925 1425 est,
947 1365 1040 1428 quam
1057 1348 1123 1429 ipse
1135 1348 1281 1414 Patroclo
1300 1369 1413 1431 paras-

252 1463 310 1539 set,
335 1457 360 1520 si
384 1456 449 1520 eius
469 1473 599 1537 corpore
622 1456 742 1535 potitus
763 1456 971 1518 essetP125
995 1471 1052 1518 ss:

344 1577 466 1661 Ἕκτωρ
481 1583 542 1659 μὲν
564 1576 764 1659 Πάτροκλον,
787 1577 860 1640 ἐπεὶ
882 1576 983 1640 κλοτοὲ
1003 1575 1106 1657 τεύχε’
1125 1577 1268 1661 α’πηύρα,

353 1687 426 1768 ἕλχ’,
445 1685 485 1751 ἵν’
505 1687 570 1751 α’π’
589 1681 700 1764 ὤμοιιν
719 1684 866 1769 κεφαλήν
887 1684 986 1767 τάμοι
1006 1685 1073 1760 ὀξέι
1092 1684 1210 1765 χαλκῷ,

352 1795 411 1857 τδν
431 1794 469 1856 δὲ
490 1801 584 1857 νέκυν
608 1797 756 1876 Τρῳῇσιν
777 1791 998 1873 ἐρασσάμενος
1015 1792 1109 1856 κυσὶ
1132 1791 1200 1855 δαί
1204 1809 1232 1876 ιγ·

331 1919 491 1995 Convenit,
516 1917 597 1998 quod
616 1916 757 1980 Priamus
780 1934 900 1998 quoquc
922 1933 988 1979 cum
1013 1915 1177 1979 Hectorem
1199 1916 1297 1982 solum
1320 1924 1415 1983 extra

250 2045 356 2091 muros
385 2026 524 2089 relictum
554 2024 660 2088 videns
689 2025 953 2101 reminisceretur,
982 2017 1042 2086 iam
1072 2024 1177 2087 multis
1207 2042 1240 2088 se
1270 2024 1344 2088 tiliis
1374 2027 1415 2090 ab

204 2154 206 2160 ·
251 2133 368 2197 Achille
398 2150 468 2197 esse
490 2132 661 2212 privatum,
698 2130 778 2195 idem
812 2131 925 2195 malurn
954 2129 1075 2193 nefasto
1111 2130 1227 2194 homini
1262 2140 1415 2211 precatur

253 2245 290 2304 Χ
307 2239 444 2303 41-45ε

354 2345 506 2425 σχέτλιος.
536 2343 617 2407 αίθε
637 2348 745 2408 θέοισι
765 2342 856 2426 φίλος
872 2342 1034 2407 τοσσόνδε
1054 2352 1176 2425 γένοιτο

349 2449 452 2518 ὅσσον
473 2453 555 2532 ἐμοί·
577 2450 684 2531 τοίχα
701 2437 771 2513 ’κέν
792 2450 810 2513 ἑ
830 2449 945 2524 κύνες
966 2451 1033 2513 καὶ
1054 2454 1183 2532 γῦπες
1206 2451 1328 2514 ἕδοεν

293 2610 304 2620 .
353 2565 511 2641 κείμενον·
530 2547 552 2644 ἦ
573 2567 611 2620 κέ
627 2581 681 2642 μοι
702 2556 796 2621 αι’νδν
812 2557 882 2621 οἷπδ
904 2557 1082 2637 πραπίδων
1101 2555 1180 2638 δίχος
1201 2557 1303 2621 ἔλθοι·

354 2663 389 2741 ὅς
408 2666 442 2748 μ’
462 2665 540 2729 υἱοῖν
561 2665 747 2728 πολλῶντε
768 2665 823 2727 καὶ
845 2664 977 2729 ἐσθλῶν
998 2654 1087 2728 εύνιν
1109 2667 1237 2748 ἔθηκεν,

352 2778 485 2836 κτείνων
503 2772 558 2835 καὶ
579 2772 702 2853 περνδς
722 2770 829 2856 νήσων
851 2773 906 2835 ἔπι
928 2770 1153 2855 τηλεδαπάων.

331 2899 374 2962 Et
402 2897 547 2980 quidnam
577 2897 719 2977 deinceps
739 2895 868 2961 Hecuba
896 2893 960 2960 filio
990 2896 1147 2959 imminere
1170 2894 1328 2959 existimat
1356 2895 1413 2958 mi-

251 3004 376 3071 serabili
399 3021 473 3068 voce
494 3004 653 3068 clamans?
693 3008 729 3067 X
747 3007 885 3083 86-89:

348 3109 518 3190 »σχέτλιος
538 3109 631 3189 εἴπερ
652 3108 713 3191 γάρ
735 3129 773 3174 σε
793 3108 989 3194 κατακτάιγγ,
1011 3104 1050 3173 ού
1072 3109 1102 3174 σ’
1123 3109 1167 3170 ἔτ’
1189 3109 1282 3188 ἔγωγε

352 3214 534 3296 κλαύσομαι
556 3217 591 3279 ἐν
611 3216 769 3296 λεχέεσσι,
790 3218 885 3300 φίλον
906 3215 1021 3296 θοίλος,
1043 3215 1080 3279 ὃν
1102 3223 1195 3278 τέκον
1215 3191 1312 3302 αὐτή,

352 3324 420 3388 οὐδ’
440 3319 555 3404 ἄλοχος
576 3322 772 3405 πολύδωρος·
795 3320 954 3387 ἄνευθε
975 3324 996 3386 δ
1005 3331 1022 3386 d
1043 3343 1087 3388 σε
1103 3330 1205 3405 μέγα
1221 3326 1319 3386 νῶιν

352 3432 535 3512 Ἀργείων
554 3431 667 3510 παροὶ
684 3431 805 3514 νηυσί
826 3429 946 3504 κύνες
966 3439 1112 3510 ταχέες
1130 3430 1411 3494 κατέδονται.«

334 3554 472 3634 Denique
495 3553 723 3636 Andromache,
754 3553 806 3619 uhi
829 3554 975 3619 Achillem
1007 3555 1111 3618 uxoris
1143 3572 1254 3633 corpus
1282 3560 1415 3634 practer

251 3673 360 3744 portas
381 3648 664 3726 urbistrahentem
680 3663 810 3744 aspexit,
833 3661 979 3743 quidnam
998 3661 1155 3743 praesagit
1178 3665 1214 3724 Χ
1224 3664 1414 3728 aus-510?

353 3769 412 3834 νῦν
434 3768 472 3830 δὲ
493 3771 531 3833 σὲ
551 3773 613 3850 μὲν
634 3769 726 3850 παρα
748 3768 842 3852 νηυσὶ
865 3773 1014 3850 κορωνίσι
1035 3769 1136 3850 νόσφι
1157 3766 1280 3850 τοκήων

355 3876 619 3941 αι’όλαιεύλαὶ
638 3876 815 3954 ἔδονται,
833 3868 1413 3956 ἐπείκεκύνεςκορέσωνται,

353 3984 485 4066 γυμνόν.

335 4116 438 4200 Quos
462 4117 568 4183 locos
592 4134 718 4181 onmes
739 4115 770 4177 si
792 4116 997 4202 ponderas,
1030 4113 1127 4182 nihil
1152 4132 1277 4202 usque
1303 4113 1352 4181 ad
1378 4121 1414 4183 Ψ
