2992 4846
736 280 777 342 57

297 456 403 538 αυίδρ
426 458 503 519 ἐπεί
521 456 548 517 κ’
570 457 602 529 ἐς
622 461 727 536 ιεϊχος
748 453 1002 520 α’ναπνεόσωσιν
1024 455 1163 532 υἷλένεες,

297 554 388 636 αόεις
409 564 635 646 ἐπανθέμεναι
659 565 795 638 σανίδας
817 567 955 638 πυκινῶς
977 563 1140 645 ἀραρυίας·

212 673 275 736 536
298 672 437 735 δείδια
457 671 529 753 γδρ
551 671 602 756 μή
623 661 742 745 οὖλος
760 672 864 755 α’νηρ
886 673 924 745 ἐς
945 674 1083 750 τεῖχος
1105 666 1285 749 Alpem«.

255 778 298 842 Et
318 785 536 858 argumentum
565 778 623 842 hoo
646 786 710 843 est:
745 778 878 842 Achilles
901 778 1049 842 Troianos
1077 791 1194 840 summa
1216 775 1332 836 virtute

165 904 205 949 ae
229 884 333 948 furore
357 886 386 948 in
411 886 513 964 lugam
538 886 665 962 conicit,
692 886 884 965 fugientibus
906 886 1013 948 instat.
1056 882 1143 960 Quod
1169 880 1222 944 nbi
1245 879 1332 943 Prin-

165 1010 238 1055 mus
260 1009 296 1055 ex
320 992 396 1054 turri
420 992 514 1072 vidit,
543 1001 651 1071 portas
674 992 759 1056 urbis
782 993 911 1072 aperiri,
939 991 1011 1055 dum
1033 990 1187 1069 fugientes
1210 986 1332 1050 introis-

165 1106 256 1177 sont,
295 1105 360 1161 tum
391 1106 493 1161 autom
527 1097 683 1162 celerrime
721 1099 822 1162 claudi
856 1099 956 1178 iubet,
994 1116 1039 1160 ne
1074 1093 1258 1160 Achilles
1294 1092 1329 1154 in

164 1204 303 1269 urbem
336 1205 589 1284 irrumperet.
633 1205 693 1270 Sed
722 1207 813 1268 etiam
846 1204 954 1286 Apollo
983 1206 1048 1285 ipse
1075 1204 1245 1267 honorem
1273 1198 1329 1262 sibi

164 1330 262 1375 curae
285 1310 393 1388 habet,
415 1311 451 1374 de
475 1330 536 1394 quo
558 1312 616 1375 (leo
639 1318 669 1376 Φ
692 1313 804 1375 5l5ss.
826 1312 970 1393 legimus:

162 1419 230 1482 515
252 1417 357 1499 οιυίδρ
379 1417 539 1480 Ἀπόλλων
563 1423 681 1499 Φοῖβος
702 1416 838 1481 ἐδόσευο
851 1415 949 1482 Ἴλιον
970 1417 1052 1500 ἱρήν·

250 1525 464 1606 μέμβλετο
485 1524 561 1606 γόρ
582 1523 619 1587 οἱ
637 1529 777 1605 τεῖχος
800 1524 1026 1611 ἐυδμηιοιο
1048 1521 1220 1602 πόληος,

251 1631 304 1716 μη
325 1631 484 1694 Δαναοὶ
507 1641 709 1713 πέρσειαν
733 1632 836 1714 ὑπὲρ
865 1631 992 1714 μόρον
1013 1626 1139 1716 ἤματι
1163 1622 1329 1706 recteest).

164 1738 279 1818 Apollo
302 1739 395 1816 igitur
419 1757 455 1801 ex
480 1739 555 1802 urbe
576 1741 697 1819 evadit,
720 1748 753 1803 ut
776 1740 814 1803 ab
836 1741 965 1803 interitu
988 1757 1055 1802 eam
1079 1744 1227 1800 servaret.
1272 1732 1327 1796 lllo

163 1847 248 1909 euim
281 1846 328 1909 ‹lie
359 1852 487 1925 propter
520 1845 646 1909 Achillis
673 1847 789 1910 rabiem
819 1847 925 1910 Achivi
947 1847 1071 1910 Troiam
1098 1844 1329 1924 expugnassent

165 1958 200 2016 Φ
223 1953 343 2016 5445.;

248 2062 353 2121 ἔνθα
375 2081 446 2120 κεν
464 2058 684 2145 ὑψίπυλον
710 2065 861 2145 Τροίην
880 2061 974 2123 ἕλον
995 2051 1081 2133 υἷες
1101 2059 1277 2136 Ἀχαιῶν,

249 2164 279 2227 ει“
298 2168 343 2250 μη
364 2165 524 2228 Ἀπόλλων
546 2171 665 2248 Φοῖβος
685 2167 833 2250 Ἀγήνορα
857 2168 928 2230 δῖον
950 2169 1077 2251 ἀνῆκεν,

163 2274 223 2337 nisi
248 2273 356 2352 Apollo
380 2276 512 2349 Agenori
534 2276 668 2337 animum
692 2277 846 2354 auxisset,
872 2283 906 2339 ut
928 2275 1035 2339 Aelrilli
1059 2274 1228 2337 resisteret.
1271 2270 1327 2330 At·

163 2388 270 2443 tamen
295 2383 418 2458 Agenor
446 2399 566 2461 quoque
596 2392 763 2462 superatus
794 2391 892 2463 esset,
924 2383 981 2446 nisi
1004 2381 1110 2462 Apollo
1140 2396 1208 2441 eum
1236 2376 1326 2439 morti

162 2488 331 2566 eripuisset
355 2489 520 2551 ‹1259sss.:
1042 2494 1045 2499 ’

468 2592 545 2656 ου’δὲ
566 2596 663 2657 ἔασεν
684 2595 844 2659 Ἀπόλλων
865 2596 959 2670 κῦδος
980 2595 1133 2676 α’ρέσδαι,

246 2698 330 2762 altat
351 2722 406 2780 μιν
429 2699 602 2784 ἐξήρπαξε,
623 2699 754 2790 κάλυψε
776 2704 805 2766 δ
815 2699 867 2784 ἄρ’
888 2702 956 2790 η’·έρι
978 2701 1089 2785 πολλῇ.

163 2805 244 2868 Turn
287 2807 361 2869 (leus
398 2807 463 2887 ipse
502 2807 558 2871 snb
600 2811 699 2889 speeie
740 2811 890 2891 Agenoris
929 2811 968 2873 ab
1009 2809 1083 2872 urbe
1128 2806 1166 2868 all
1210 2803 1322 2867 flumen

162 2913 287 2991 fugiens
313 2912 428 2994 offecit,
456 2920 492 2976 ut
520 2915 652 2978 Achilles
678 2935 745 2979 euru
771 2923 953 2997 persecutus
978 2915 1119 2979 hostibus
1145 2911 1322 2975 facultatem

163 3020 270 3096 daret,
300 3026 335 3083 ut
357 3021 387 3083 in
408 3021 514 3084 urbem
547 3021 703 3086 celerrime
727 3023 938 3102 confugerent.
983 3023 1059 3088 Cum
1087 3028 1188 3084 autem
1217 3032 1323 3080 omnes

163 3125 290 3189 Troiani
312 3136 436 3206 praeter
459 3128 621 3193 Hectorem
654 3132 702 3211 (Χ
721 3132 757 3194 5;
778 3127 913 3212 Ἕκτορα
935 3130 965 3191 δ’
987 3128 1088 3192 αὐτοῦ
1109 3131 1217 3208 μεῖναι
1237 3122 1323 3210 olon)

162 3233 247 3313 μοῖρ’
268 3233 440 3316 ἐπεδησεν)
465 3235 576 3299 clausis
599 3237 697 3316 portis
721 3239 750 3300 in
774 3244 843 3301 tuto
866 3245 986 3317 essent,
1013 3237 1137 3300 tandem
1159 3234 1266 3315 Apollo
1289 3251 1322 3296 se

163 3339 253 3403 deum
277 3358 343 3404 esse
365 3340 546 3406 confitetur:

162 3452 195 3508 X
206 3448 225 3509 8
245 3451 360 3509 »τίπτε
380 3470 431 3528 με,
451 3449 575 3531 Πηλέος
598 3451 655 3530 υἱέ,
679 3452 780 3514 ποσὶν
801 3460 954 3530 ταχέεσσι
975 3450 1106 3529 διώκεις,

243 3553 340 3627 αόιός
359 3556 480 3636 δνηεδς
501 3557 564 3619 εὀδν
586 3558 668 3620 θεὸν
689 3554 873 3640 ἄμβροτου,·
894 3559 974 3621 οόδέ
995 3558 1031 3621 νό
1055 3555 1107 3620 πό
1129 3579 1170 3636 με
1198 3565 1201 3571 ’

245 3662 339 3740 ἔγνως
360 3660 400 3734 ιός
421 3662 501 3736 θεός
522 3662 596 3745 εἶμι,
619 3665 665 3728 οδ
688 3665 717 3727 δ’
739 3665 955 3749 α’σπερχὲς
976 3669 1221 3747 μενεαίνεις.

242 3770 260 3850 ἡ
283 3767 321 3828 νό
341 3792 390 3830 τοι
411 3766 450 3831 οό
468 3793 498 3832 ιι
518 3770 606 3851 μέλει
631 3771 750 3853 Τροόων
771 3773 871 3846 πόνος
892 3771 945 3846 οὓς
967 3770 1142 3855 ἐφόβησας,

230 3934 255 3999 l)
273 3933 371 3987 Confer
391 3953 452 3988 eum
475 3936 530 4001 his,
558 3956 629 4006 qnae
646 3938 820 4008 Juppiter
838 3940 906 3994 dixit
924 3940 980 3994 deis
999 3940 1171 4010 permittens,
1193 3939 1225 3989 ut
1243 3936 1320 3988 auxi·

160 4018 296 4072 liarenlur
316 4024 339 4069 Y
355 4020 402 4073 30:

337 4107 438 4158 δείδω
456 4111 497 4176 μή
516 4113 570 4160 καὶ
589 4121 700 4176 τεῖχος
718 4111 802 4179 όπὲρ
820 4119 920 4183 μόρον
939 4114 1139 4188 ἐξαλαπάξῃ.
