2992 4846
850 302 888 374 18

372 488 484 555 Postea
506 485 610 554 autem
633 488 774 554 Priamus
805 488 917 553 oblitus
940 505 1008 551 esse
1035 488 1158 552 videtur
1185 488 1245 553 iam
1274 497 1348 556 aute
1372 492 1447 559 duo·

291 601 389 663 decim
413 599 478 661 dies
499 597 593 661 filium
617 604 760 660 necatum
783 613 860 675 esse,
880 595 1127 676 quandoquidem
1146 597 1186 660 ad
1205 598 1353 664 Achillem
1372 602 1448 668 haec

288 707 362 771 dicit
383 725 411 769 v.
436 709 493 769 635
512 723 570 768 sa:

370 823 463 899 λέξον
484 824 542 883 νῦν
562 843 603 900 με
626 819 774 898 τάχιστα,
797 818 972 902 διοτρεφές,
991 812 1079 903 ὅηρα
1100 843 1154 882 κεν
1175 815 1235 906 ἤδη

286 980 290 998 .
369 925 463 1007 ὕπνῳ
486 924 552 989 ὕπο
571 926 710 1007 γλυκερῷ
730 923 937 1007 ταρπώμεθα
958 931 1177 1008 κοιμηθέντες·

369 1035 407 1099 ον’
428 1033 489 1116 γάρ
512 1057 564 1095 πω
586 1031 699 1115 μάσαν
721 1029 801 1097 ὄσσε
823 1030 890 1096 ὕπο
910 1032 1123 1116 βλεφάροισιν
1144 1035 1280 1116 ἐμοῖσιν,

367 1145 403 1219 ἐξ
426 1131 465 1206 οὗ
484 1147 541 1224 σῇς
562 1141 628 1204 ὑπὸ
648 1143 760 1221 χερσὶν
781 1141 859 1223 ἐμάς
879 1145 958 1214 παῖς
980 1137 1084 1205 ὠλεσε
1107 1141 1227 1222 θυμόν,

367 1251 437 1315 άλλ’
456 1249 520 1312 αἰεὶ
545 1247 695 1328 στενάχω
715 1249 768 1310 καὶ
790 1247 892 1332 κήδεα
912 1254 1013 1330 μοριά
1034 1257 1160 1328 πέσσω,

366 1334 520 1443 αὐλῆςεν
541 1355 686 1437 χόρτοισι
706 1355 930 1438 κυλινδόμενος
950 1356 1034 1418 κατά
1056 1353 1188 1436 κόπρον.

367 1467 426 1528 νῦν
448 1463 489 1547 δη
508 1465 561 1526 καὶ
584 1468 675 1528 σίτον
696 1461 858 1547 πασάμην
878 1463 932 1525 καὶ
953 1461 1086 1526 αἴθοπα
1108 1453 1196 1525 οἶνον

366 1572 539 1655 λαυκανίης
559 1576 716 1653 καθέηκα·
739 1574 842 1652 πάρος
862 1593 897 1651 γε
917 1574 978 1652 μὲν
1000 1565 1039 1635 οὔ
1058 1594 1089 1633 τι
1109 1567 1302 1650 πεπάσμην.

274 1662 276 1668 ’
368 1680 523 1759 Attamen,
547 1682 619 1741 utut
640 1685 704 1758 est,
733 1676 780 1740 his
802 1677 920 1741 duobus
942 1677 1016 1741 locis
1038 1677 1079 1757 (Ω
1102 1678 1160 1740 107
1182 1694 1222 1739 ss.
1245 1682 1277 1739 et
1300 1680 1359 1765 411
1389 1676 1446 1758 ss.)

285 1786 437 1866 cogimur,
476 1793 511 1849 ut
552 1784 680 1848 deorum
712 1783 943 1847 altercationem
981 1783 1077 1848 luisse
1111 1802 1219 1848 noveru
1256 1782 1376 1847 dierum
1417 1790 1449 1847 et

284 1911 406 1957 versum
431 1897 464 1954 31
492 1891 555 1971 (ἅλ’
577 1888 633 1954 ὅτε
655 1889 696 1974 δή
719 1892 745 1972 ῥ’
768 1892 803 1954 ἐκ
824 1895 893 1954 τοῖο
915 1938 1043 1954 .....
1046 1891 1057 1971 )
1083 1891 1122 1954 ad
1147 1896 1277 1953 mortem
1300 1889 1448 1954 Hectoris

283 2002 454 2080 spectare')
477 2005 569 2079 atque
591 2005 645 2062 aut
667 2004 701 2063 X
715 2003 773 2063 395
795 2004 850 2063 aut
873 1997 987 2080 111341)
1011 1998 1116 2062 statim
1139 1998 1279 2078 excipere
1301 1995 1448 2062 debuisse

284 2107 504 2170 existimemus.
867 2087 869 2091 ’

365 2212 476 2292 ltaque
497 2213 580 2276 inter
599 2216 629 2275 Ω
653 2215 685 2274 31
713 2218 745 2275 et
765 2210 835 2274 illos
857 2229 934 2291 quos
957 2211 1018 2274 dixi
1032 2229 1138 2275 versus
1155 2211 1279 2274 circiter
1294 2213 1447 2292 nongenti

285 2324 339 2383 aut
359 2319 427 2400 plus
449 2319 531 2383 mille
551 2336 661 2381 versus
683 2317 887 2382 intercedunt.

365 2425 454 2490 Hauc
476 2431 574 2489 totam
598 2430 703 2488 textus
725 2423 936 2488 confusionem
960 2425 1019 2488 nisi
1045 2425 1150 2488 multis
1174 2424 1313 2489 versibus
1336 2426 1446 2490 eiectis

283 2552 343 2597 non
382 2532 449 2596 tolli
488 2549 579 2612 posse
615 2531 681 2595 luce
715 2526 828 2595 clarius
861 2537 917 2596 est.
968 2533 1110 2612 Inprimis
1140 2539 1242 2597 autem
1272 2532 1300 2594 ei
1331 2550 1446 2597 versus

282 2639 354 2703 milri
376 2639 523 2703 videntur
544 2639 640 2720 spurii
664 2657 740 2718 esse,
762 2639 815 2722 qui
838 2638 877 2702 ad
901 2639 982 2703 illam
1001 2639 1208 2718 ignominiam,
1232 2638 1443 2718 qualchilles

282 2746 425 2811 Hectoris
440 2763 550 2826 corpus
561 2746 672 2810 circum
685 2747 834 2810 tumulum
847 2746 984 2811 Patrocli
996 2746 1147 2811 trahendo
1159 2745 1263 2825 afficit,
1287 2752 1444 2827 spectant.

282 2853 393 2916 Totum
416 2859 577 2934 praeterea
596 2853 717 2917 initium
739 2853 865 2916 ultimae
886 2852 1073 2934 rhapsodiae
1096 2855 1217 2934 (versus
1237 2859 1312 2918 sunt
1330 2853 1393 2919 duo
1411 2860 1444 2918 et

282 2959 426 3039 triginta)
448 2959 595 3023 eiusmodi
617 2965 674 3038 est,
697 2965 733 3024 ut
746 2959 812 3023 fieri
827 2977 890 3024 non
905 2961 1014 3041 possit,
1035 2962 1108 3040 quin
1120 2960 1255 3025 Homero
1271 2960 1302 3024 id
1319 2959 1444 3024 abiudi-

281 3084 394 3131 cenms.
433 3067 530 3132 Poeta
553 3067 631 3130 euim
655 3067 703 3131 vel
725 3067 881 3149 rhapsodi,
904 3068 959 3151 qui
974 3066 1054 3132 hanc
1067 3069 1211 3133 carminis
1225 3074 1348 3148 partem
1362 3067 1444 3132 fece·

281 3179 362 3254 runt,
386 3179 418 3238 et
439 3173 522 3237 illam
545 3191 656 3237 novam
679 3174 899 3257 mirificamque
921 3175 1127 3257 ignominiam,
1148 3194 1241 3255 quam
1263 3179 1442 3238 ceterorum

368 3364 395 3430 Ῑ)
418 3362 471 3417 Cfr.
489 3362 642 3432 Liesegang
661 3364 672 3417 Ι
691 3381 716 3432 p.
737 3364 784 3418 10:
810 3363 941 3418 »Versum
969 3365 997 3417 31
1025 3363 1079 3415 dll’
1105 3363 1145 3416 ὅτε
1170 3365 1202 3430 δή
1220 3363 1243 3434 ῥ’
1262 3367 1287 3416 ἐκ
1304 3373 1358 3416 τοῒο
1377 3367 1442 3418 δυο)-

280 3449 372 3518 δαάτη
397 3449 478 3515 γίνετ’
503 3450 552 3516 ἠώς
578 3449 661 3518 (idem
686 3468 710 3503 v.
736 3452 764 3501 A
782 3450 844 3518 493)
872 3450 897 3502 h.
922 3449 940 3504 l.
967 3467 1022 3504 non
1053 3450 1120 3504 eatis
1144 3453 1210 3519 apte
1236 3467 1293 3504 ease
1316 3451 1441 3520 positum

279 3535 428 3589 rectissime
463 3535 602 3589 contendit
633 3535 830 3590 Lachmannus.
870 3536 981 3590 Etenim
1005 3536 1195 3589 difficillimum
1221 3541 1263 3591 est
1291 3537 1441 3607 explicare,

279 3637 296 3673 a
314 3638 432 3689 quonam
452 3621 564 3675 tandem
588 3625 712 3691 tempore
735 3623 762 3677 h.
781 3623 799 3676 l.
817 3625 901 3692 poeta
919 3621 976 3676 dies
995 3626 1142 3690 computet,
1162 3623 1322 3691 praesertim
1342 3641 1442 3692 quum,

278 3706 305 3760 id
333 3706 405 3775 quod
431 3722 514 3776 supra
535 3708 797 3773 demonstravimus,
823 3708 944 3762 versibus
972 3709 1004 3761 12
1029 3711 1057 3763 et
1082 3725 1139 3777 sqq.
1165 3709 1275 3780 lougius
1298 3711 1441 3778 quoddam

279 3792 410 3860 temporis
428 3792 547 3861 spatium
567 3793 620 3848 iam
643 3793 815 3863 praeteriisse
833 3794 1010 3866 significetur.
1048 3796 1088 3849 Ex
1107 3813 1185 3849 versu
1203 3798 1312 3851 demum
1343 3799 1392 3853 107
1411 3802 1443 3855 et

279 3877 661 3934 exv.4131icetconiicere
685 3882 711 3935 h.
738 3897 847 3949 quoque
872 3881 889 3935 l.
913 3881 971 3936 dies
995 3882 1031 3935 ab
1056 3899 1087 3936 eo
1108 3882 1164 3950 die,
1188 3901 1242 3951 quo
1267 3883 1370 3938 Hector
1396 3888 1443 3941 est

277 3967 400 4028 necatus,
419 3967 625 4020 numerandos«

346 4057 372 4124 2)
394 4062 421 4106 Ψ
438 4059 471 4110 al
490 4060 645 4128 transgredi
666 4078 721 4115 non
742 4061 814 4127 licet,
833 4079 867 4114 ne
886 4061 1022 4115 Achillem
1040 4061 1081 4114 oi.-
1101 4062 1174 4115 ltreni
1197 4063 1326 4131 temporis
1345 4066 1442 4135 spatio

246 4196 249 4201 .
278 4143 432 4198 intermisso
450 4145 605 4213 epulantem
627 4147 761 4201 faciamus
778 4165 847 4202 neve
866 4150 895 4203 in
913 4147 1067 4216 proximum
1088 4149 1158 4200 diem
1177 4148 1319 4203 intremus.
