2992 4846
725 286 762 345 12

98 541 99 544 Ἴ
161 460 287 524 videtur
316 461 429 526 habere
456 461 600 543 ,Τρωσὶν
624 468 804 543 μενεαίνων
825 461 945 528 δύσετο
966 464 1056 547 δῶρα
1076 466 1184 544 θεοῦ,
1213 465 1330 530 sedis

161 567 265 646 loeus,
283 576 512 650 praeterquam
534 570 618 651 quod
639 589 708 634 oum
729 571 784 636 icoo
806 571 882 637 attis
905 572 943 636 de
967 573 1074 637 causis
1095 572 1238 653 conferri
1261 593 1330 637 uon

157 677 285 756 poterit,
310 677 374 740 tam
396 677 436 741 ob
451 676 688 742 Alexandrinis
704 679 835 743 detetur.
879 679 967 744 Attis
985 685 1089 744 autem
1106 680 1183 744 loeis
1201 680 1330 744 duobus

162 783 240 847 adeo
261 802 324 847 non
347 783 569 865 improbantur
589 784 771 865 quodetiam,
792 791 826 849 ut
849 787 1082 866 confirmentur.
1125 786 1211 850 Nom
1230 791 1331 851 0617

161 889 230 953 a'tt’
252 888 320 952 οὐδ’
337 878 381 963 εἷς
402 890 524 953 δύνατο
546 891 639 973 ῥῆξαι
658 890 750 972 μα’λα
779 915 842 975 περ
867 896 1047 973 μενεαίνων
1062 926 1064 933 v
1077 894 1209 974 quisque
1227 893 1331 976 facile

161 996 320 1078 supplebit
332 998 426 1079 ῥῆξαι
448 999 591 1079 idemque
613 992 700 1064 eadit
720 1000 756 1064 a'n
777 1004 868 1064 ⁸341
890 999 929 1062 ου’
945 1003 1006 1081 μὲν
1018 997 1059 1082 δή
1072 1018 1110 1063 σε
1121 1004 1331 1082 καταφθίσει

162 1104 253 1186 μάλα
274 1126 337 1187 περ
358 1109 547 1186 μενεαίνων.

244 1211 375 1277 Praeter
404 1210 461 1276 hos
489 1214 573 1276 viros
601 1211 708 1276 doctos
739 1211 765 1274 si
794 1210 844 1275 hic
871 1218 966 1293 atque
996 1211 1047 1277 ille
1076 1212 1106 1275 in
1128 1213 1267 1277 transitu
1289 1212 1330 1278 de

43 1369 47 1374 s
138 1366 140 1371 s
164 1317 259 1381 verbo
283 1321 524 1399 μενεαίνειν
542 1317 762 1383 adnotationes
785 1318 934 1396 fecerunt,
955 1317 1146 1404 pierumque,
1168 1318 1221 1382 ubi
1247 1337 1331 1399 opus

163 1442 231 1488 esse
245 1425 318 1488 mihi
329 1425 430 1488 visum
442 1431 500 1506 est,
522 1425 588 1488 suis
599 1424 674 1489 iocis
686 1424 788 1488 attuli.
828 1424 988 1505 Adscripsi
1003 1430 1109 1489 autem
1123 1424 1186 1505 illa,
1209 1431 1246 1490 ut
1259 1445 1332 1507 per·

164 1532 276 1613 spirias
300 1533 477 1597 continuam
496 1540 591 1612 atque
612 1533 834 1598 accuratiorem
854 1533 891 1595 de
913 1532 969 1596 hoc
988 1532 1081 1595 verbo
1093 1531 1330 1612 inquisitionem

164 1658 202 1704 ne
224 1658 304 1707 rrunc
327 1639 450 1720 quidem
472 1657 835 1720 esse‘supervacaneam.

246 1745 367 1825 Quibus
389 1745 568 1827 praemissis
590 1746 630 1810 ad
653 1764 719 1810 rem
741 1747 935 1828 propositam
957 1745 1150 1811 accedamus,

247 1969 334 2031 Inter
350 1968 419 2032 ilias
436 1985 536 2046 vocae,
557 1985 637 2048 quae
655 1968 732 2031 iram
746 1966 876 2032 Achillis
892 1967 1053 2046 denotant,
1075 1984 1213 2050 quasque
1231 1988 1333 2050 supra

164 2075 282 2155 colltrgi,
302 2075 334 2139 iu
354 2079 510 2155 reseca,
521 2076 595 2153 367)
611 2075 735 2139 demum
752 2075 877 2138 verbum
893 2079 1076 2156 μενεαίνων
1089 2075 1216 2155 legitur.
1240 2077 1333 2141 Hanc

164 2188 267 2245 autem
285 2180 542 2262 significationem
559 2180 720 2257 irascendi,
743 2181 769 2243 si
788 2186 908 2244 textum
930 2180 1074 2245 editionis
1093 2181 1179 2245 Imm.
1193 2180 1332 2247 Bekkeri

165 2306 383 2369 sequeremur,
414 2292 596 2369 μενεαίνειν
624 2288 748 2351 omnino
769 2288 903 2368 primum
926 2287 1057 2351 haberet
1080 2288 1113 2353 in
1135 2295 1163 2353 0
1182 2289 1223 2368 (v.
1248 2290 1333 2370 104),

165 2395 275 2460 deinde
295 2397 327 2459 in
350 2402 387 2459 11
398 2395 499 2476 (491),
522 2401 606 2475 tum,
631 2394 670 2458 de
693 2395 739 2458 ira
761 2394 904 2474 Achillis,
926 2395 956 2458 in
980 2400 1014 2459 X
1022 2394 1113 2476 (10),
1143 2395 1278 2475 denique
1299 2399 1331 2462 in

150 2508 195 2567 Ὠ
210 2505 249 2566 22
261 2509 293 2566 et
306 2509 354 2566 st.
398 2503 432 2565 ln
456 2500 504 2564 his
530 2519 600 2565 vero
622 2500 723 2565 ultimi
743 2500 815 2564 libri
834 2501 973 2565 versibus
987 2501 1076 2565 simul
1093 2500 1177 2566 aliud
1190 2503 1331 2586 verbum,

164 2609 245 2691 quod
266 2617 315 2674 est
337 2609 522 2687 αἐικίζεεν
544 2611 587 2688 [v.
606 2609 646 2672 22
668 2607 818 2686 οἷεικίζείν
837 2614 1020 2690 μενεαίνων
1041 2643 1080 2654 -
1102 2614 1179 2672 v.54
1200 2609 1334 2688 αἐικίζει

165 2715 361 2798 μενεαίνων)
393 2716 564 2780 invenimus
593 2720 626 2780 et
648 2716 694 2780 ita
716 2715 857 2801 quidem,
890 2722 925 2779 ut
948 2715 1032 2780 alind
1057 2716 1212 2797 significet
1233 2723 1332 2797 atque

164 2824 283 2888 assolet
304 2824 335 2887 in
354 2823 513 2904 prioribus
524 2823 721 2904 carminibus,
742 2823 1076 2903 'quodquepraeterea
1097 2823 1216 2903 pariter
1229 2813 1332 2905 atque

165 2936 347 3013 μενεαίνειν
369 2930 445 2994 iilud
467 2948 523 3011 pro
546 2929 706 2995 irascendo
728 2929 854 3008 dictum,
877 2930 1019 2995 nonnisi
1041 2931 1072 2993 in
1095 2929 1196 2994 altera
1218 2930 1331 2996 Iliadis

165 3043 255 3120 parte
277 3044 460 3119 usurpatur.
788 3108 791 3112 .

248 3146 343 3227 Atqui
365 3145 404 3210 de
428 3151 492 3209 toto
514 3143 573 3208 hoc
589 3143 667 3208 libro
685 3148 715 3207 a
734 3143 910 3210 etiamnunc
925 3144 1008 3209 inter
1026 3145 1110 3209 viros
1122 3144 1331 3223 doctissimos,

148 3245 221 3337 'qui
250 3254 281 3318 in
310 3272 346 3317 eo
376 3251 557 3333 explicando
587 3258 620 3316 et
647 3251 856 3333 perquirendo
885 3253 1017 3316 maxime
1037 3252 1262 3330 versabantur,
1294 3260 1333 3317 ut

166 3346 373 3440 Duantzerus,
394 3359 575 3441 Koechlius‚
599 3359 792 3441 Geppertus‚
813 3359 1055 3441 Liesegaugius,
1078 3359 1333 3442 Peppmuelterus

166 3469 228 3548 alii,
250 3486 363 3548 magrm
383 3475 431 3531 est
447 3467 597 3531 dissensio
624 3465 695 3549 (cir,
710 3467 1025 3549 R.Peppmueilerum
1050 3468 1069 3531 l.
1088 3467 1107 3533 l.
1129 3486 1158 3548 p.
1177 3461 1331 3550 x-x1);

171 3577 333 3660 quaeritur
354 3576 434 3639 enim
458 3593 520 3639 non
543 3574 658 3653 solum,
690 3581 794 3639 utrum
815 3574 942 3638 liberte
965 3574 1101 3638 Homero
1127 3574 1333 3639 vindicandus

169 3683 211 3746 sit
240 3701 297 3748 nec
325 3702 378 3764 ne,
407 3682 594 3761 sedetiam,
624 3682 673 3763 qui
698 3700 807 3746 versus
829 3680 959 3745 eiciendi
982 3680 1061 3761 sint,
1095 3687 1130 3745 ut
1152 3680 1263 3746 saltem
1286 3682 1333 3746 ita

168 3791 365 3869 restituatur,
388 3796 423 3853 ut
444 3789 482 3853 ab
507 3808 568 3852 uno
590 3797 685 3870 poeta
708 3789 810 3853 iactus
833 3806 903 3852 esse
925 3806 1015 3869 posse
1036 3787 1186 3853 videatur.

256 3896 342 3974 Quae
364 3915 430 3962 cum
459 3897 504 3962 ita
528 3897 609 3978 sint,
639 3897 696 3960 has
719 3913 803 3960 meas
824 3914 948 3977 quoque
970 3895 1167 3976 quaestiones
1188 3898 1334 3976 quamvis

168 4003 340 4103 mediocres
363 4005 403 4068 ad
426 4005 564 4068 ultimum
588 4004 701 4067 librum
726 3994 757 4066 in
782 4003 947 4088 pristinum
967 4010 1083 4068 statum
1103 4004 1332 4068 restituendum

168 4111 283 4192 aliquid
308 4110 412 4175 valere
436 4109 536 4182 vetim.
1157 4127 1161 4138 ¹
