2992 4846
735 321 771 384 61

257 504 334 569 Nam
357 503 416 567 iarn
433 518 529 582 supra
549 501 673 580 exposui
697 500 754 564 hoc
774 500 841 565 loco
858 500 1009 566 infinitivo
1024 523 1100 585 opus
1122 526 1198 574 esse.
1239 512 1333 578 Prae·

162 621 258 678 terea
287 610 475 674 contendere
506 627 564 670 non
595 607 719 685 dubito,
752 608 942 688 probabilius
975 629 1043 675 esse
1075 632 1212 696 versum,
1243 639 1331 702 quern

161 721 393 803 palimpsestus
414 723 485 796 post
507 721 541 778 X
564 716 602 777 10
624 713 735 793 habet,
764 733 823 778 non
846 734 884 778 ex
904 722 934 779 Δ
955 718 1015 795 33,
1042 720 1095 783 sed
1118 729 1148 784 A
1167 724 1206 787 33
1228 727 1332 805 potius

163 847 208 892 ex
233 830 269 889 X
289 826 483 903 desumptum
506 839 589 900 osse3
608 821 638 883 id
660 821 741 901 quod
765 823 871 901 paucis
894 840 1052 902 exponam.

256 949 314 1013 llic
336 949 415 1011 enirn
437 963 554 1023 versus,
577 963 667 1026 quern
692 945 763 1025 dixi,
785 947 878 1010 etiarn
901 953 931 1013 Θ
947 949 1008 1014 288
1029 952 1157 1034 legitur3
1181 955 1232 1018 ubi
1250 958 1333 1037 Aga-

164 1074 317 1122 memnon
349 1054 464 1117 Toucro
496 1051 661 1132 profitetur
690 1052 783 1116 Troia
809 1061 900 1134 capta
928 1074 960 1120 se
990 1059 1129 1122 meritam
1161 1063 1332 1128 mercedem

168 1168 199 1229 oi
224 1164 369 1226 daturum
396 1177 471 1223 esse.
583 1240 586 1247 .

166 1273 233 1337 287
257 1269 298 1332 αἴ
313 1277 368 1330 κεί·
389 1289 443 1347 μοι
465 1264 533 1348 δώῃ
553 1263 634 1337 Ζεύς
653 1264 680 1325 τ’
700 1263 839 1345 αἰγίοχος
860 1267 913 1328 καὶ
936 1267 1053 1351 Ἀθήνη

255 1377 345 1439 Ἰλίου
367 1371 573 1450 ἐξαλαπάξαι
594 1373 783 1451 ἐυκτίμενον
803 1373 1011 1456 πτολίεθρον.

169 1486 235 1549 Hic
256 1485 341 1547 locus
363 1481 478 1561 pendet
500 1498 538 1542 ex
558 1485 583 1540 Α
609 1478 699 1542 llos.
721 1479 867 1557 (Achilles
891 1480 929 1544 ad
954 1483 1245 1565 Agamemnonem:

577 1584 618 1647 οἴ
633 1592 671 1646 κε’
688 1590 773 1647 ποθι
793 1585 876 1658 Ζεύς

258 1695 341 1775 δῷσι
362 1692 458 1756 πόλιν
483 1696 601 1774 Τροίην
623 1691 786 1770 εὐτείχεον
808 1693 1023 1769 ἐξαλαπάξαι.

168 1807 205 1870 In
240 1810 264 1866 Α
289 1809 393 1866 autern
424 1794 483 1862 non
512 1799 629 1862 adsunt
658 1799 710 1861 illa
736 1799 889 1862 Ἰλίου-
913 1801 1099 1882 ἐυκτίμενον·
1127 1804 1334 1888 πτολίεθρον.

168 1913 261 1976 Haeo
283 1927 357 1973 vero
378 1907 472 1971 verba
495 1906 667 1969 invenimus
691 1907 721 1969 in
747 1911 777 1969 Φ
798 1907 875 1988 133,
907 1908 1059 1988 inpugna
1082 1909 1222 1991 deorum,
1253 1931 1333 1993 quae

168 2018 298 2094 dicitur,
320 2016 371 2079 ubi
394 2013 534 2077 Minerva
556 2013 658 2076 Marte
679 2018 710 2077 et
733 2012 852 2078 Venere
876 2017 1029 2095 superatis
1053 2017 1221 2083 exclamat:

167 2125 277 2190 (1142ss
301 2125 457 2184 rectoriam
478 2122 537 2183 νῦν
558 2119 689 2198 πάντες,
708 2116 779 2183 ὅσοι
804 2119 972 2202 Τρώεσσιν
994 2122 1123 2204 α’ρωγοί,

298 2221 373 2307 εἶεν,
396 2225 442 2292 ὅτ’
460 2229 620 2310 Ἀργείοισι
640 2233 800 2308 μαχοίατο
822 2232 1037 2313 θωρηκτῇσιν,

299 2325 366 2398 ὧδέ
383 2358 419 2397 τε
441 2334 619 2416 θαρσαλέοι
641 2335 694 2397 καὶ
717 2333 882 2418 τλήμονες,
904 2336 945 2410 ὦς
966 2337 1132 2421 Ἀφροδίτη

216 2476 220 2483 ·
301 2435 500 2530 ἧλθενἌρει
521 2443 696 2522 ἐπίκουρος,
716 2443 783 2524 ἐμῷ
803 2450 891 2523 μένει
910 2441 1085 2508 α’ντιόωσα.

295 2555 340 2633 τῷ
361 2573 415 2612 κεν
435 2550 476 2632 δη
494 2549 598 2611 ποίλαι
619 2544 725 2630 ἄμμες
745 2548 972 2630 ἐπαυσάμεθα
993 2551 1175 2632 πτολέμοιο,

215 2663 275 2726 433
295 2659 416 2722 Ἰλίου
436 2658 720 2744 ἐκπέρσαντες
740 2656 988 2737 ἐυκτίμενον
1010 2658 1298 2741 πτολίεθρονε.

257 2768 332 2832 Cum
363 2767 421 2829 hac
452 2781 558 2844 pugna
585 2762 710 2825 deorum
746 2763 776 2825 in
806 2768 836 2826 Φ
864 2764 988 2827 initium
1019 2765 1163 2829 carminis
1191 2773 1225 2830 Χ
1235 2764 1336 2832 'arcte

169 2875 329 2942 cohaeret.
373 2872 407 2935 ln
430 2870 478 2934 his
500 2875 603 2933 autern
626 2868 832 2948 carminibus,
858 2870 923 2934 fere
945 2889 1042 2952 usque
1065 2871 1103 2935 ab
1129 2878 1166 2952 Υ,
1192 2873 1336 2954 luppiter

172 2994 370 3006 ...—-—=--—-

245 3042 295 3094 Vir
314 3037 487 3093 doctissimus
507 3037 581 3090 huno
599 3053 663 3090 eane
684 3036 772 3089 locum
791 3053 844 3089 non
864 3039 937 3091 recte
959 3037 1159 3107 interpretatus
1181 3041 1229 3092 est.
1265 3040 1335 3094 Nam

171 3128 246 3182 illud
264 3122 437 3196 palirnpsesti
458 3123 675 3176 additamentum
695 3125 730 3189 (v.
751 3122 811 3190 rub)
831 3139 1003 3191 nequaquam
1029 3124 1153 3192 ineptum
1179 3142 1246 3189 esse,
1272 3125 1339 3180 salis

172 3216 259 3285 plane
280 3213 348 3266 mihi
367 3211 459 3264 videor
483 3208 644 3278 exposuisse.
683 3209 761 3262 Adde
780 3210 853 3278 quod
872 3209 973 3278 Apollo
992 3210 1089 3275 verba,
1115 3229 1186 3279 quae
1206 3211 1337 3281 leguntur

174 3322 204 3357 v.
223 3302 322 3364 8-13‚
351 3296 555 3352 dissimulanter
574 3296 680 3350 locutus
700 3297 755 3362 est,
781 3296 882 3367 quippe
908 3296 952 3350 cui
978 3312 1135 3364 persuasum
1160 3301 1230 3351 esset
1248 3317 1337 3366 neque

175 3389 267 3443 minus
287 3384 363 3449 Jovi,
392 3382 524 3437 Achillem
543 3382 593 3435 illo
616 3382 676 3450 ipso
694 3381 739 3435 die
758 3382 866 3461 lsroiam
885 3399 1042 3451 expugnare
1065 3382 1094 3435 in
1113 3384 1203 3437 animo
1227 3384 1336 3440 habere.

174 3476 275 3543 Neque
292 3473 409 3526 multum
429 3469 539 3532 aberat,
558 3468 624 3535 quin
644 3467 687 3532 id,
706 3469 780 3535 quod
797 3468 848 3522 sibi
868 3471 1059 3538 proposuerat,
1079 3471 1231 3536 perliceret,
1250 3471 1302 3525 nisi
1321 3490 1337 3527 a

175 3563 228 3617 deo
246 3561 274 3613 in
293 3559 418 3613 fraudem
436 3557 570 3610 deductus
590 3556 675 3619 esset;
693 3553 872 3621 nequeenim
892 3555 1038 3609 mortalem
1059 3557 1211 3625 Agenorem
1231 3559 1336 3612 tamdiu

175 3650 335 3719 persecutus
345 3645 423 3699 esset.
442 3643 540 3696 Nonne
552 3640 755 3694 hooconfitetur
766 3639 816 3693 deo
827 3640 1010 3709 respondens?
1028 3641 1100 3710 Lege
1109 3659 1209 3710 quaeso
1217 3661 1241 3697 v.
1250 3644 1319 3698 15ss.
1331 3664 1337 3698 ε

374 3730 505 3794 aildicurtis·
521 3729 545 3790 μ’
565 3728 674 3795 ἑκάεργε,
693 3727 760 3778 θεῶν
778 3727 901 3778 ὀλοώτατε
921 3728 1034 3788 πάντων,

372 3818 469 3868 ἐκθαδε
490 3815 533 3866 νῦν
553 3821 648 3884 τρίψας
666 3814 717 3865 ἀπὸ
735 3819 837 3878 τείχεος·
864 3803 882 3881 ἢ
898 3815 917 3864 κ’
937 3817 977 3865 ἐτι
993 3814 1080 3865 πολλοί

372 3914 449 3969 γαῑαν
468 3903 528 3958 ι’ὃαἛ
547 3893 611 3951 εἷλον
629 3901 694 3972 πρὶν
705 3900 780 3949 Ἴλιον
799 3902 979 3960 εἰσαφικέσθαι.

375 3990 419 4041 νῦν
437 3990 459 4040 d’
479 3990 521 4050 ἐμὲ
539 3989 585 4048 μέν
604 3991 668 4051 μίγα
686 3985 758 4044 κῦδος
775 3987 882 4046 ἀφείλεο,
899 3987 959 4045 τους
976 3986 998 4037 δ’
1017 3988 1129 4046 todonae

370 4077 479 4145 ῥηιδλοις,
497 4076 552 4127 ἐπεὶ
570 4072 599 4124 or'r'
618 4093 643 4123 τι
662 4077 728 4122 τίσιν
743 4074 766 4136 y'
784 4073 898 4132 ἐδδειυας
915 4075 1019 4128 ὀπίσσω.

373 4153 393 4230 οἶ
411 4164 432 4214 o'
452 4161 485 4214 (ἲν
502 4167 632 4229 τισαίμην,
651 4160 677 4208 τί
689 4178 731 4219 μοι
752 4158 858 4221 direpte
876 4181 903 4225 γε
924 4165 1041 4229 crapola«.
