2992 4846
640 336 642 339 ·
731 309 749 366 7

243 476 410 542 Praeterea
434 479 495 544 duo
517 479 590 561 loci,
620 501 699 563 quos
719 481 933 564 praetermisi,
957 486 1217 551 commemorandi
1239 494 1323 554 sunt.

160 589 276 649 Pron:
299 590 406 649 κεῖνον
428 591 489 668 μὲν
511 588 551 671 δή
573 591 689 672 νηυσίν
709 592 912 674 ἐπιπροέηκα
933 593 1064 676 θοῇσιν,

296 692 409 762 ἐλθεῖν
429 692 473 767 εἰς
493 695 618 780 Ἀχιλῆα
637 695 745 771 πόδας
766 696 878 777 ταχύν·
907 696 988 761 οὐδέ
1006 720 1062 778 μιν
1083 697 1141 761 οίω

203 805 263 864 710
302 801 361 863 νῦν
383 798 473 881 ἰέναι,
496 800 586 883 μάλα
608 827 671 886 περ
693 802 1156 887 κεχολωμένονἛκτορι
1177 806 1198 869 d
1207 811 1261 888 ίῳ.

164 907 225 972 Ubi
259 907 435 988 Menelaus,
472 917 639 991 postquam
671 912 868 976 Antilochum
900 913 941 977 ad
975 912 1123 977 Achillem
1153 914 1253 994 misit,
1288 921 1324 979 nt

160 1016 338 1080 Patroclum
360 1014 555 1080 interfectum
579 1035 648 1082 csse
669 1019 847 1100 nuntiaret,
874 1018 1018 1084 Aiacibus
1048 1020 1123 1085 dicit
1152 1039 1186 1085 se
1217 1022 1323 1086 existi·

162 1139 266 1201 mare,
297 1120 442 1184 Achillem
469 1123 610 1202 quamvis
641 1123 755 1188 iratum
784 1125 919 1189 nondum
943 1126 973 1190 in
996 1143 1133 1207 pugnam
1155 1126 1200 1192 ire
1222 1147 1323 1212 posse,

162 1228 309 1309 quoniam
332 1216 419 1292 arma
442 1229 470 1292 ei
493 1213 649 1295 deessent.

245 1335 386 1416 Denique
406 1339 442 1398 Χ
454 1340 490 1399 10
511 1335 697 1401 adferendos
720 1343 782 1402 est:

301 1494 309 1508 .
353 1491 360 1506 .
403 1492 412 1508 .
455 1493 461 1506 .
505 1442 1108 1525 οὐδ’ἄσπερχὲςμενεαίνεις.

163 1551 205 1615 Et
226 1549 264 1614 de
285 1549 344 1615 hoc
366 1550 434 1615 loco
456 1549 605 1631 conferas,
627 1569 706 1633 quae
726 1550 807 1615 infra
828 1552 993 1632 ped—62
1016 1539 1153 1634 exposui.

246 1668 311 1730 lam
334 1667 417 1731 bunc
439 1666 600 1732 verbomm
623 1669 753 1732 indicem
776 1668 908 1732 habeto:

191 1780 233 1839 P:
256 1773 472 1855 κεχολωμένος
494 1779 563 1839 710.
769 1781 815 1840 Ψε
836 1775 996 1856 χολωθείς
1009 1777 1065 1852 23;
1087 1775 1213 1857 χιόομαι
1231 1778 1280 1841 35.

195 1887 239 1945 Σε
260 1880 418 1961 χολωθείς
442 1886 512 1947 337.
700 1861 704 1870 ⁸
769 1881 831 1966 [Xz
853 1887 1098 1963 μενεαίνεις
1121 1882 1206 1966 10.]‘?
1346 1867 1348 1873 Ι

194 1994 237 2054 T:
257 1986 351 2071 χόλος
370 1992 420 2063 16;
444 1993 658 2068 μενεαίνων
677 1992 746 2054 367.
768 1994 814 2053 n:
835 1995 1070 2071 μενεαίνων
1089 1993 1138 2056 22.
1156 1994 1204 2055 54.

249 2094 363 2177 Omnes
385 2112 441 2175 has
466 2130 572 2192 roceS,
599 2112 710 2193 quibus
730 2113 927 2178 iranchillis
949 2114 1123 2192 indicatur,
1150 2113 1208 2178 sub
1232 2133 1326 2179 unum

165 2220 346 2300 adspectum
369 2218 564 2283 subiciendas
586 2237 655 2284 esse
675 2221 800 2301 putavi,
822 2226 858 2285 ut
877 2220 1089 2300 ostenderem,
1112 2237 1203 2302 quem
1225 2220 1327 2285 locum

165 2326 291 2390 uerbum
303 2329 533 2407 μενεαίνων,
556 2327 638 2410 quod
653 2327 803 2407 imprimis
816 2332 954 2392 tractare
968 2327 1043 2391 mihi
1060 2327 1252 2409 propositum
1268 2333 1326 2410 est,

164 2434 247 2496 inter
264 2449 317 2495 cas
335 2431 500 2495 obtineret.
544 2432 589 2495 De
608 2435 760 2498 universis
779 2432 862 2498 hisce
880 2433 1004 2500 vocibus
1021 2433 1130 2498 alteris
1148 2433 1230 2498 curis
1247 2452 1326 2515 mox,

126 2542 128 2547 ’
165 2541 191 2604 si
215 2539 358 2620 dabitur,
380 2540 533 2620 copiosius
557 2539 719 2621 disseram,
743 2541 768 2604 si
790 2541 1010 2623 videro,.bane
1031 2559 1129 2606 meam
1152 2540 1328 2604 huiusmodi

144 2647 210 2725 roi
240 2647 425 2710 tractandae
452 2647 607 2710 rationem
638 2651 670 2710 et
694 2665 744 2726 ea,
774 2665 853 2727 quae
875 2648 1053 2728 quaerendo
1075 2647 1230 2711 invenisse
1253 2646 1328 2711 mihi

166 2754 282 2833 videor,
305 2753 412 2833 aequis
434 2752 586 2817 iudicibus
608 2752 746 2833 probari.
804 2794 809 2806 ·
944 2740 953 2761 '

246 2859 355 2940 Neque
377 2861 458 2924 enim
483 2860 591 2924 mirum
614 2866 680 2942 est,
712 2879 762 2926 me
782 2861 902 2926 cautius
924 2859 1108 2941 procedere,
1140 2860 1255 2941 quippe
1276 2860 1329 2941 qui

166 2968 265 3048 prima
296 2984 378 3030 nunc
406 2967 560 3048 stipendia
588 2967 698 3032 faciam
729 2969 761 3030 in
789 2967 870 3031 bello
903 2967 955 3030 illo
987 2967 1138 3047 Troiano,
1175 2966 1258 3047 quod
1289 2967 1329 3030 dc

165 3077 348 3155 quaestione
371 3073 546 3154 Homerica,
576 3092 668 3154 quam
693 3072 808 3153 dicunt,
836 3074 965 3153 geritur,
988 3073 1021 3136 in
1042 3090 1103 3153 quo
1123 3071 1246 3154 quidem
1266 3090 1328 3138 non

165 3183 268 3245 minus
303 3181 418 3245 acriter
448 3181 632 3262 dimicatur,
667 3198 762 3261 quam
792 3179 833 3244 ab
865 3178 1032 3259 heroibuS,
1064 3198 1142 3260 quos
1173 3179 1329 3244 Homerus

163 3293 344 3369 pugnantes
363 3287 445 3351 fecit.
491 3287 571 3351 Nam
594 3288 624 3350 in
647 3286 705 3351 hoc
726 3305 851 3368 quoque
875 3287 915 3351 ad
936 3302 1023 3350 arma
1045 3290 1243 3368 concurrunt,
1265 3305 1328 3350 rem

165 3396 245 3458 bene
280 3399 336 3458 aut
377 3395 455 3458 male
492 3380 623 3474 gerunt„
663 3395 817 3475 proelium
855 3393 1005 3458 deserunt
1043 3392 1328 3475 redintegrantque.

164 3503 405 3584 Nonnumquam
434 3501 528 3570 etiam
559 3501 651 3566 (luces
689 3502 792 3566 iacent
824 3501 937 3582 aliique
966 3500 1099 3565 sauciati
1127 3518 1161 3564 se
1192 3500 1329 3582 recipere

166 3615 331 3691 coguntur.
377 3609 487 3689 Neque
508 3627 581 3672 vero
607 3609 699 3672 duces
722 3609 778 3672 soli
800 3613 957 3689 pugnant,
986 3607 1042 3672 sed
1064 3608 1157 3671 etiarn
1180 3607 1329 3672 militibus

166 3735 245 3799 opus
267 3723 325 3795 cst,
348 3716 401 3795 qul
424 3715 526 3778 Marte
548 3715 676 3795 ancipiti
698 3715 813 3796 aliquid
837 3714 941 3779 valere
961 3718 1110 3795 possunt,
1132 3714 1159 3777 si
1180 3719 1329 3778 strenuus

168 3825 229 3889 dux
251 3842 304 3888 eos
323 3822 522 3886 adhortatur.
565 3823 676 3886 Nonne
691 3822 759 3903 ipso
772 3821 978 3885 Troianorum
994 3819 1076 3885 bello
1092 3839 1198 3885 omnes
1208 3839 1330 3902 pugna-

165 3932 244 3996 bant
265 3937 296 3995 θι-
318 3929 431 3994 milites
454 3933 486 3992 et
1027 3920 1033 3935 '

291 4035 328 4100 οἵ
342 4059 378 4098 τε
399 4037 593 4121 κυβερνῆται
613 4034 667 4096 καὶ
690 4038 764 4115 ἕχον
785 4033 870 4118 οἰήια
891 4037 976 4118 νοῶν

289 4143 343 4206 καὶ
363 4148 479 4224 ταμίαι
500 4142 593 4225 παραὶ
616 4142 731 4224 νηυσὶν
752 4143 844 4222 ἔσαν,
868 4146 970 4206 σίτοιο
990 4139 1133 4227 δοτῆρες.

166 4250 280 4339 Itaque
304 4255 336 4314 et
357 4266 414 4335 ego
437 4249 468 4315 in
490 4254 646 4313 certarnen
670 4247 859 4314 descendere
880 4245 1013 4311 audebo.
