2992 4846
725 279 760 338 21

251 453 364 530 Quidni
386 453 451 533 ipse
472 458 535 517 tum
557 453 805 535 Myrmidonibus
821 453 1023 518 ¹antevehens
1050 472 1161 536 corpus
1181 456 1324 522 Hectoris

167 559 341 625 trahebat?
381 559 490 623 Nonne
520 561 589 640 equi
618 561 685 624 eius
707 561 804 624 iuncti
825 561 952 625 stabant
971 562 1082 640 currui,
1111 581 1147 625 ex
1177 580 1236 643 quo
1256 583 1324 628 cru-

166 673 260 731 entus
283 666 380 731 lrostis
401 667 619 747 dependebat?
660 668 750 748 Lege,
773 684 897 749 quaese,
920 671 955 730 X
974 671 1152 733 tao-ror:

273 763 295 863 ἦ
319 797 369 856 ρα,
391 774 444 862 uoti
456 771 594 855 Ἕκτορα
616 774 688 837 δίον
709 773 850 837 οἷεικέα
873 772 1028 857 μήδετο
1051 776 1154 857 ἔργα.

272 882 467 965 ἀμφοτέρων
487 881 676 963 μετόπισθε
697 881 810 943 ποδῶν
828 891 960 964 τέτρηνε
977 888 1107 944 τένοντε

271 991 303 1063 ἐς
326 991 451 1073 σφνρδν
472 990 507 1051 ἐκ
528 997 675 1070 πτέρνης,
696 992 807 1070 βοέους
829 988 858 1049 δ’
878 988 1026 1070 ἐξῆπτεν
1045 986 1192 1070 ἱμάντας,

272 1098 307 1158 ἐκ
328 1097 455 1179 δίφροιο
476 1096 505 1158 δ’
526 1096 634 1178 ἔδησε,
657 1093 739 1177 κούρη
761 1094 790 1156 δ’
811 1095 966 1159 ἕλκεσθαι
985 1096 1093 1161 ἔασεν.

273 1205 305 1277 ἐς
327 1204 444 1286 δίφρον
464 1203 493 1265 δ’
514 1202 652 1284 α’ναβδς,
674 1202 738 1264 οἶνοί
760 1225 796 1263 τε
816 1202 917 1264 κλεινοὶ
939 1201 1044 1282 τεύχε’
1064 1204 1184 1286 αἐίρας,

271 1309 430 1391 μα’στιξέν
450 1309 477 1392 ρ’
492 1309 609 1398 ε’λοίαν,
628 1310 675 1371 coi
698 1310 726 1371 δ’
748 1308 805 1372 ούκ
825 1305 943 1372 ἄκοντε
965 1314 1145 1392 πετέσθην.

270 1421 329 1481 τοῦ
349 1418 378 1479 δ’
399 1419 441 1501 η’ν
461 1416 642 1499 ἑλκομένοιο
663 1417 840 1495 κονίσαλος,
864 1416 951 1500 α’μφὶ
973 1416 1010 1478 δὲ
1030 1421 1140 1496 χαῖται

272 1524 405 1587 κνοίνεαι
425 1529 593 1598 πίτναντο,
613 1523 695 1606 κοίρη
718 1525 747 1586 δ’
769 1521 862 1586 ἅπαν
885 1524 921 1586 ἐν
941 1529 1085 1607 κονίῃσιν

271 1635 359 1694 κεῖτο
381 1631 486 1712 πύρος
505 1635 626 1711 χαρίεν
648 1629 724 1693 τότε
745 1631 782 1693 δὲ
802 1631 884 1702 Ζεύς
906 1630 1142 1711 δυσμενέεσσιν

272 1740 400 1802 δῶκεν
421 1737 727 1803 αἐικίσσασθαι
748 1737 785 1820 ἑῇ
805 1739 841 1799 έν
861 1736 996 1818 πατρίδι
1016 1743 1098 1821 γαίη.

250 1846 318 1910 Ηοο
339 1846 462 1926 quidem
484 1845 548 1909 loco
572 1862 668 1926 quare
682 1843 828 1908 Achillem
844 1843 991 1907 Hectoris
1014 1861 1127 1924 corpus
1150 1846 1324 1910 trahentem

167 1959 262 2036 putta
289 1953 407 2031 iecerit,
436 1950 525 2016 facile
547 1956 596 2015 est
618 1951 785 2015 intellectu.
830 1949 909 2029 (Cir.
938 1968 1019 2031 quae
1048 1951 1086 2015 de
1113 1952 1170 2016 hac
1191 1970 1224 2016 re
1245 1952 1325 2016 insa

167 2080 201 2142 p.
223 2065 264 2124 43
285 2058 376 2140 dixi.)

251 2168 420 2232 Praeterea
443 2162 565 2245 saepius
595 2164 677 2244 apud
700 2162 867 2227 Homerum
889 2163 1008 2243 accidit,
1030 2170 1065 2228 ut
1087 2165 1177 2230 duces
1202 2167 1232 2229 in
1256 2167 1325 2247 ipsa

165 2292 272 2356 pugna
294 2273 342 2336 vel
365 2272 471 2336 statim
492 2276 564 2351 post
585 2289 731 2351 pugnam,
763 2271 834 2334 dum
858 2272 967 2334 mortis
989 2272 1093 2335 furore
1114 2272 1216 2336 adbuc
1241 2275 1324 2354 capti

165 2388 249 2463 sunt,
272 2380 311 2444 ad
334 2379 458 2444 crudete
482 2378 606 2459 aliquod
629 2377 747 2441 facinus
767 2377 1006 2458 adducantur.¹)

250 2486 384 2551 Achilles
412 2491 517 2549 autem
547 2485 710 2548 Hectorem
731 2470 869 2564 'praeter
893 2483 999 2548 urbem
1030 2485 1068 2549 nd
1096 2503 1191 2550 naves
1218 2485 1323 2564 trahit,

164 2603 202 2662 ut
224 2595 364 2658 ἀεικέα
387 2594 482 2673 ἔργα
505 2590 655 2672 perficiat,
682 2608 761 2671 quae
781 2590 840 2654 hoc
858 2609 983 2672 quoque
1004 2592 1070 2656 loco
1093 2592 1190 2674 (sicut
1215 2598 1247 2657 Ψ
1268 2593 1323 2673 24)

164 2702 240 2766 nihil
264 2701 347 2764 aliud
371 2698 545 2779 significare
565 2716 656 2778 posse
685 2698 743 2761 nisi
764 2699 891 2762 canibus
910 2717 1021 2780 corpus
1043 2701 1190 2780 proicere,
1217 2719 1254 2764 ex
1276 2701 1323 2781 ip-

164 2811 232 2875 sius
256 2807 355 2872 verbis
377 2813 517 2887 apparet,
539 2823 621 2888 quae
642 2805 681 2868 ad
700 2805 866 2869 Hectorem
893 2807 1042 2870 iacentem
1065 2809 1116 2889 (X
1125 2809 1197 2871 330:
1228 2803 1324 2894 ἤριπε
1407 2881 1408 2885 ¹

165 2917 195 2979 δ’
219 2917 254 2979 ἐν
274 2919 388 2998 κονίης·
411 2913 428 2975 δ
451 2913 480 2975 δ’
500 2911 662 2988 ἐπεύξατο
682 2912 751 2985 δῖος
769 2912 934 2991 Ἀχιλλεύς)
957 2914 1044 2991 dixit,
1069 2920 1103 2979 X
1124 2917 1260 2979 331-62
1321 2978 1328 2991 ,¹

252 3019 376 3102 Ἕκτορ,
398 3020 484 3101 οἶτύρ
506 3043 570 3084 πον
592 3022 671 3104 ἔφης
690 3021 873 3104 Πατροκλῆ’
894 3021 1084 3105 ἐξεναρίζων

265 3132 328 3202 σῶς
350 3128 496 3206 ἔσσεσθ’,
516 3130 574 3210 ἐμὲ
594 3127 623 3188 δ’
648 3126 743 3190 ούδὲν
765 3127 874 3204 ὀπίζεο
896 3127 1017 3211 νόσφιν
1039 3129 1145 3212 ἐόντα,

268 3236 373 3319 νήπιε·
401 3238 471 3297 τοΐο
485 3235 522 3320 δ’
544 3229 689 3298 dorotea
711 3236 878 3318 αόσσητῆρ
899 3237 968 3317 μέγ’
989 3237 1133 3317 α’μείνων

269 3343 382 3425 νηυσὶν
404 3346 461 3404 ἔπι
479 3342 680 3425 γλαηνρῇσιν
699 3342 758 3423 dyo}
778 3342 965 3424 μετόπισθε
986 3343 1169 3426 λελείμμην,

269 3446 303 3523 ὅς
323 3471 372 3512 τοι
393 3447 522 3529 γούνατ>
544 3448 653 3512 ἔλυσα.
686 3453 731 3513 σὲ
752 3453 830 3531 μὲν
849 3448 967 3524 κύνες
986 3449 1044 3532 η’δ’
1067 3449 1209 3513 οἰωνοί

270 3556 490 3639 ἑλκήσονσ’
511 3555 645 3635 αἰκῶς,
665 3556 735 3618 τδν
757 3556 801 3618 δὲ
821 3540 1063 3636 κτεριοῦσιν
1085 3557 1240 3637 Ἀχαιοί.

165 3647 216 3730 Ec
233 3663 308 3727 illud
331 3661 427 3736 δικῶς
447 3663 478 3726 in
502 3682 529 3726 v.
539 3664 598 3727 336
608 3660 667 3727 δπ.
681 3663 742 3744 λεγ.
767 3681 833 3728 esse
854 3663 998 3728 observes
1020 3663 1094 3727 mihi
1117 3682 1173 3745 pro
1193 3664 1321 3740 αἐικῶς,

162 3770 333 3851 eodemque
355 3789 392 3834 ex
412 3769 496 3834 ionte
519 3777 578 3849 est,
600 3789 638 3834 ex
660 3788 719 3850 quo
741 3770 899 3848 οἷεικῐζειν.
1145 3845 1152 3858 ‚

248 3877 328 3942 Huic
339 3883 453 3956 autem,
469 3895 561 3958 quam
580 3878 726 3958 stabilivi,
750 3876 967 3958 significationi
984 3876 1068 3941 verbi
1083 3876 1230 3953 αἐικίζειν
1241 3876 1320 3940 olins

161 3985 253 4050 locus
275 4001 451 4064 repugnare
473 4002 532 4047 non
557 3984 689 4062 videtur,
711 3985 761 4065 qui
784 3990 832 4048 est
854 3990 885 4047 Τ
901 3985 1020 4049 u3-7:

238 4131 262 4204 1)
279 4131 333 4190 cfr.
352 4129 575 4190 L.Schmidtium
592 4130 651 4196 ‚Dic
669 4131 754 4187 Ethilr
772 4132 820 4185 der
837 4131 913 4187 alten
931 4130 1072 4187 Gricchen‘
1090 4129 1117 4183 ΙΙ
1131 4148 1157 4204 p.
1176 4129 1218 4185 99.
