2992 4846
663 246 756 346 'aa

162 460 389 525 diversissimus
418 467 465 524 est
488 461 527 525 ab
550 461 627 525 Jove
655 463 906 542 praecedentium
936 464 1120 540 carminum,
1151 467 1182 531 in
1213 468 1331 550 quibus

41 625 43 632 .
162 570 235 636 nihil
258 569 417 652 antiquius
440 567 543 648 habet,
567 588 658 652 quam
683 576 720 632 ut
740 567 829 632 fidem
851 569 974 633 Thetidi
993 571 1045 652 (A)
1067 573 1173 637 datam
1198 587 1342 659 servet;-
1397 590 1399 595 '

160 698 221 761 quo
236 677 281 757 lit,
300 682 335 741 ut
350 676 474 756 saepius
492 694 544 738 eos
563 676 647 754 deos,
669 677 719 756 qui
739 677 861 739 Achivis
880 678 1026 757 opitulari
1042 679 1148 753 velint,
1170 690 1330 749 coerceat.

160 788 194 851 ln
219 784 366 850 extremis
386 782 472 846 libris
489 788 596 846 contra
618 782 679 846 lide
701 784 860 864 persoluta
883 784 948 846 dcis
970 785 1066 849 lacilis
1090 787 1331 874 benevolusque

160 899 217 956 est.
260 891 331 955 Jam
355 908 443 966 vero,
465 889 586 969 qualem
609 891 641 952 in
666 895 703 969 Y,
727 896 767 966 Φ,
790 895 825 953 Χ
847 890 955 954 Jovem
977 909 1044 955 esse
1065 893 1225 973 videmus,
1255 899 1331 961 talis

162 1005 211 1062 est
232 999 324 1061 etiam
348 997 377 1059 in
398 996 653 1060 initio'carminis
670 1002 706 1060 A.
742 997 791 1060 lte
814 997 893 1060 enim
916 996 965 1060 hic
984 998 1013 1060 in
1035 991 1191 1064 lunonem
1218 1012 1251 1066 et
1270 1005 1332 1067 Mi-

164 1123 291 1169 nervam
315 1122 348 1166 se
371 1103 461 1182 gerit,
484 1093 574 1182 quasi
594 1102 717 1167 Thetidi
737 1104 921 1184 promissum
944 1123 1004 1168 non
1023 1104 1143 1169 dederit
1161 1115 1332 1192 autquasi

162 1212 226 1275 iem
249 1210 441 1291 persolverit.
484 1210 517 1273 ln
542 1211 677 1273 carmine
698 1214 727 1275 Θ
748 1217 850 1273 autem
878 1230 958 1274 eum.
977 1211 1086 1275 Jouem
1117 1218 1335 1297 agnoscimus,

165 1319 217 1398 qui
240 1317 330 1381 iidem
354 1316 475 1380 Thetidi
498 1334 624 1379 servaro
647 1317 767 1381 statuit.

245 1440 335 1519 Quae
350 1440 476 1504 comita
493 1439 566 1516 sint,
582 1438 649 1502 lieri
666 1459 725 1503 non
742 1446 856 1520 potest,
879 1441 953 1523 quin
969 1442 1179 1510 existimemus
1200 1448 1331 1514 initium

164 1549 307 1612 carminis
331 1556 393 1609 Aa
416 1552 507 1626 poeta
526 1546 638 1625 aliquo,
661 1547 713 1628 qui
735 1547 795 1610 iam
819 1548 938 1611 noverit
959 1549 1094 1613 carmina
1119 1558 1150 1614 Φ
1172 1558 1209 1616 Χ
1230 1573 1335 1635 quac-

165 1672 225 1734 que
247 1672 315 1717 cum
339 1653 381 1716 eis
404 1652 578 1733 cohaerent,
599 1652 713 1717 lactum
735 1670 811 1717 esse.
848 1653 917 1716 Huc
939 1656 1069 1733 accedit,
1090 1659 1173 1736 quod
1196 1664 1335 1726 verbum

166 1759 381 1837 ἐξαλαπάξειν
405 1758 446 1822 ah
466 1759 599 1822 Homero
629 1778 688 1822 nou
712 1761 771 1824 nisi
802 1759 838 1822 de
860 1760 1002 1824 heroibus
1032 1771 1199 1844 usurpatur
1223 1770 1274 1844 (ut
1296 1771 1337 1833 de

167 1868 297 1931 Hercule
321 1873 350 1929 E
364 1867 424 1930 640
446 1867 568 1941 Edam
594 1866 631 1930 de
657 1869 884 1945 Agamemnone
907 1869 1025 1932 0041.
1047 1871 1124 1945 aa&
1147 1871 1184 1936 de
1211 1876 1338 1940 Achille

169 1982 194 2038 A
215 1976 271 2037 120
298 1978 329 2036 Υ
337 1974 398 2052 30),
418 1993 434 2035 c
473 1973 556 2053 quod
580 1973 744 2054 ἀσπερχὲς
764 1973 794 2036 in
817 1973 912 2036 lliadc
933 1983 1058 2053 practer
1079 1987 1108 2040 A
1122 1977 1162 2042 30
1184 1998 1249 2043 non
1274 1985 1337 2047 nisi

170 2082 207 2145 de
231 2081 345 2144 Achille
375 2082 482 2159 (usque
511 2097 530 2141 a
559 2078 610 2161 Π)
640 2080 731 2143 1101
756 2085 791 2142 Χ
813 2081 860 2145 10.
886 2083 944 2144 188
967 2084 1050 2146 etin
1081 2094 1167 2149 scoto
1189 2087 1337 2167 Achillis,

167 2188 249 2268 quod
281 2187 408 2264 dicitur,
438 2187 561 2266 2556,
592 2185 762 2249 adhibitum
791 2187 954 2253 invenitur.
997 2190 1032 2252 ln
1063 2210 1167 2272 pugna
1197 2195 1337 2262 deorum

167 2295 248 2377 quod
269 2294 408 2357 Minerva
439 2293 528 2356 llicit:
560 2292 649 2355 Ἰλίου
673 2292 888 2374 ἐκπέρσαντες
910 2295 1097 2376 ἐυκτίμενον
1119 2299 1337 2384 πτολίεθρον,

168 2420 227 2464 non
260 2401 369 2479 miror;
408 2418 478 2462 nam
510 2405 602 2480 poeta
637 2399 712 2462 dens
750 2407 925 2479 pugnantes
956 2401 1039 2465 iacit.
1095 2404 1128 2467 ln
1162 2411 1193 2468 A
1225 2419 1336 2474 autem

169 2506 374 2582 ἐξαλαπάξαι
406 2506 443 2568 de
472 2505 595 2569 Junone
628 2513 810 2586 usurpatum
842 2505 1001 2570 mirificam
1033 2515 1065 2572 et
1095 2511 1233 2592 ineptam
1265 2518 1339 2581 imi-

172 2614 320 2676 tationem
345 2612 490 2676 ostendit.

667 2810 858 2818 ——-—

711 3047 747 3113 V.

197 3195 268 3278 lte
296 3192 402 3278 verbi
437 3212 733 3271 munemusch
769 3190 808 3274 in
839 3189 1003 3296 Odyssea
1032 3186 1295 3296 usurpatione.

254 3343 324 3406 dam
347 3361 429 3419 vero,
451 3341 508 3403 etsi
529 3339 670 3403 omnibus
689 3339 792 3403 Iliadis
811 3338 894 3418 locis,
915 3348 994 3420 quos
1018 3337 1108 3415 volui,
1129 3338 1340 3417 pertractatis

172 3468 275 3513 come
299 3465 495 3528 progressum
514 3446 613 3525 video,
634 3452 670 3510 ut
688 3465 725 3511 ex
744 3446 790 3520 iis,
815 3463 893 3525 quae
909 3444 1089 3524 quaerendo
1111 3442 1221 3518 inveni,
1247 3450 1339 3506 certo

173 3555 341 3620 diiudicare
369 3552 443 3616 mihi
474 3553 597 3634 liceret,
631 3557 736 3616 utrum
766 3557 797 3614 et
830 3550 873 3614 illi
905 3552 963 3613 duo
997 3550 1094 3614 ultimi
1123 3549 1193 3612 libri
1224 3568 1339 3614 versus

174 3661 215 3744 (Ω
239 3662 278 3725 Th
300 3668 331 3724 et
354 3659 405 3740 ot)
428 3658 553 3737 genuini
575 3658 639 3722 sint
660 3676 764 3738 necne,
788 3664 892 3721 tamen
917 3655 1076 3736 Odysseae
1097 3673 1216 3735 quoque
1241 3655 1341 3735 locos,

173 3768 281 3849 quihus
320 3770 500 3847 μενεαίνεον
538 3765 645 3828 eodem
680 3783 774 3828 sensu
805 3763 852 3827 bis
892 3763 1060 3840 invenitur,
1104 3761 1340 3842 perscrutabor.

174 3875 315 3940 Mirum
338 3872 439 3936 enim
462 3876 540 3949 est,
563 3872 668 3954 quod
693 3871 765 3934 hoc
787 3870 949 3934 verbum
971 3868 1125 3932 iratum
1147 3886 1237 3931 esse
1260 3869 1341 3948 sig-

174 3980 351 4045 nificans
373 3978 409 4040 in
430 3977 564 4041 Iliade
591 3977 636 4040 de
659 3977 829 4041 Achillis
850 3977 910 4039 ira
941 4011 969 4020 -
997 3974 1085 4053 modo
1107 3973 1274 4051 concedam,
1308 3977 1340 4040 in

176 4088 272 4152 0103
286 4092 316 4149 et
329 4084 424 4154 11491
443 4083 536 4146 falses
552 4083 701 4148 lectiones
714 4090 854 4164 receptas
869 4099 936 4146 esse
955 4116 992 4125 -
1007 4099 1025 4144 a
1047 4080 1342 4146 deterioribus
