2992 4846
725 305 764 365 58

251 476 283 540 οἳ
305 478 346 564 δή
369 504 416 543 τοι
439 478 483 554 εἰς
505 477 593 543 ἄσιν
614 475 703 559 ἄλεν,
726 482 766 544 σι)
787 480 824 543 δὲ
845 481 940 562 δεῦρο
963 480 1110 563 λιάσθης.

251 586 289 650 οὐ
309 599 369 668 μεί·
394 611 435 668 με
455 596 599 666 κτενέεις,
623 589 696 650 ἐπεὶ
718 585 756 651 ori*
777 611 825 650 τοι
845 586 1004 670 μόρσιμός
1025 586 1118 668 sipi«.

169 710 203 772 ln
235 710 344 791 qnibns
373 709 614 792 μενεαίνεις
646 713 738 792 illud,
774 720 809 776 ut
842 732 920 777 nunc
951 714 1075 796 quidem
1108 732 1219 783 versus
1252 713 1331 776 alius

167 816 260 880 alium
284 826 472 898 sequuntur,
500 835 573 881 sano
597 819 741 894 ,iratus
769 821 816 882 es’
839 821 1038 900 interpretari
1061 819 1141 884 licet.
1184 824 1235 882 At
1263 819 1332 882 fri-

168 924 295 1002 girlam
335 924 462 989 habet
494 926 754 988 sententiam.
806 926 912 1007 Neque
947 928 1025 990 enim
1055 927 1188 1007 Apollini
1230 946 1331 1008 neque

167 1032 303 1110 Agenori
322 1030 453 1094 Achilles
469 1040 620 1112 perpetuo
639 1038 696 1096 aut
713 1033 825 1096 acriter
845 1037 943 1097 iratus
960 1041 1038 1097 crat.
1078 1034 1219 1114 Heynins
1238 1036 1333 1113 igitur

167 1143 344 1217 μενεαίνεις
373 1139 430 1202 lroc
458 1138 524 1201 loco
556 1139 633 1202 lolem
658 1147 751 1220 alque
781 1144 907 1223 μαίνῃ
936 1159 1003 1204 csse
1033 1141 1151 1204 maluit.
1195 1141 1246 1206 Ne
1276 1143 1333 1206 lroc

167 1246 290 1326 quidem
325 1254 417 1310 recte.
473 1244 649 1326 Numquam
688 1249 769 1310 enim
806 1247 845 1310 ab
882 1247 1016 1310 Homero
1051 1253 1237 1328 μενεαίνειν
1276 1267 1332 1328 pro

166 1356 404 1432 μαίνεσθαι
435 1361 612 1433 usurpatur.
654 1353 752 1416 Porro
782 1342 940 1417 Dammins
970 1354 1015 1417 sic
1041 1356 1146 1434 potius
1175 1355 1330 1436 intorpre-

169 1466 271 1522 tatur:
310 1460 377 1537 „Tu
401 1467 505 1524 antem
525 1445 617 1524 voille
645 1461 780 1540 ιιιμίιλιιε
799 1463 956 1541 propositi
979 1463 1041 1525 es“.
1086 1464 1143 1537 At,
1175 1463 1202 1525 si
1234 1470 1334 1542 recte,

167 1566 241 1647 qnid
260 1576 327 1628 erat
343 1565 452 1630 Achilli
471 1567 687 1646 propositum?
717 1565 798 1630 Num
819 1567 988 1647 Apollinem
1007 1566 1202 1632 interficere?
1233 1569 1335 1646 Quem

166 1672 336 1736 interficere
354 1673 472 1753 nequit.
496 1676 541 1736 An
555 1674 750 1746 Agenorem?
774 1673 838 1737 Hoc
852 1681 954 1737 tamen
971 1675 1117 1738 continno
1135 1674 1336 1757 (ἀσπερχὲς)

166 1780 192 1842 ei
215 1781 407 1859 propositum
426 1798 493 1843 esse
516 1799 574 1843 non
595 1781 706 1860 potuit.
745 1779 890 1843 Hectoris
910 1781 1032 1858 quidem
1054 1781 1184 1844 necandi
1203 1801 1335 1863 semper

166 1887 295 1966 cnpirlus
319 1894 403 1960 erat,
424 1888 505 1969 quod
531 1906 567 1949 ex
590 1893 618 1951 Σ
641 1887 732 1950 ills.
755 1893 862 1965 patet:

246 1997 304 2055 νῦν
327 1994 356 2055 δ’
369 1985 442 2075 εἶμ’,
464 1990 553 2078 ὄφρα
575 1995 667 2077 φίλης
686 1993 827 2078 κεφαλῆς
850 1993 987 2075 ὀλετῆρα
1011 1997 1118 2071 κιχείω

239 2097 386 2181 Ἕκτορα,
1050 2080 1055 2087 ¹

166 2225 232 2288 Hoc
259 2235 360 2288 autem
384 2227 450 2289 loco
473 2226 510 2289 ‹le
532 2225 666 2289 Hectore
690 2243 750 2287 non
775 2225 903 2312 (licitum

247 2351 320 2413 Mihi
358 2351 453 2428 igilur
486 2350 754 2428 persuasissimum
790 2355 838 2412 cst
877 2355 1000 2428 poetam
1037 2347 1138 2411 elicere
1168 2347 1333 2412 voluisse:

168 2457 239 2521 »Tu
261 2457 321 2520 vel
351 2475 508 2536 semper
538 2456 599 2518 vel
632 2457 789 2519 acriter
818 2456 989 2537 cupidus
1021 2472 1061 2517 cs
1090 2453 1243 2518 Troiae
1270 2475 1334 2519 cx-

165 2564 438 2645 pngnandac«.
480 2562 578 2640 Nam,
607 2563 637 2625 id
660 2563 739 2642 qnod
767 2564 827 2625 iam
851 2561 1046 2642 supradixi,
1074 2567 1106 2624 ot
1125 2560 1275 2640 luppiter
1299 2569 1334 2626 et

166 2672 274 2751 Apollo
298 2672 502 2746 verebantur,
532 2688 570 2733 ne
592 2669 642 2733 illo
674 2670 722 2732 ilie
746 2669 872 2733 Achillis
895 2671 1009 2732 virtute
1039 2685 1075 2731 ac
1104 2667 1206 2730 lurore
1232 2665 1334 2732 Troia

165 2785 338 2858 caperetur,
355 2786 386 2840 ct
405 2779 471 2858 ipse
490 2784 583 2856 pocta
601 2777 630 2840 id
647 2777 747 2841 studio
763 2778 891 2854 curavit,
918 2786 952 2840 nt
969 2782 1157 2861 monstraret
1174 2775 1332 2840 Achillem

164 2885 297 2948 maxime
323 2887 456 2947 animum
485 2884 645 2947 intemlore
675 2885 713 2947 al
742 2884 849 2947 urbem
878 2883 1047 2948 delendam.
1090 2884 1259 2963 Attamen,
1290 2890 1333 2948 ut

165 3008 244 3054 nurrc
266 2998 313 3053 est
335 2999 450 3070 tentus²
471 2996 650 3071 μενεαίνεις
673 3009 732 3053 non
755 2996 859 3070 potest
878 3009 945 3054 esse
963 2976 1172 3070 ,cupidus-es.
1211 2989 1332 3069 Itaque

164 3097 195 3159 in
224 3097 361 3161 obscuris
384 3097 558 3160 detinemur
582 3117 679 3177 neque
705 3097 756 3160 lux
782 3106 950 3177 comparet.
995 3097 1047 3160 Sin
1074 3102 1177 3159 autem
1200 3114 1331 3159 versum

164 3209 198 3266 X
217 3207 254 3266 10
279 3205 358 3266 alins
381 3214 578 3285 sequeretur,
600 3206 650 3284 qni
674 3205 753 3267 mern
776 3204 907 3282 diceret,
934 3202 1015 3283 quod
1036 3203 1159 3266 Ἰλίου
1180 3202 1331 3276 ἐξαλα-

164 3309 297 3384 ιιοίξαι
329 3312 578 3391 ἐυκτίμενον
606 3311 882 3392 πτολίεθρον,
918 3312 1014 3373 totius
1042 3310 1098 3374 loci
1127 3310 1207 3373 ratio
1241 3309 1330 3374 illico

123 3452 126 3458 ·
167 3417 272 3479 molior
303 3424 393 3480 esset.
437 3417 548 3481 Statim
577 3418 657 3480 enim
687 3436 756 3481 eam
788 3419 1074 3497 interpretationem
1105 3415 1193 3499 sequi
1216 3432 1328 3495 posse-

164 3543 241 3598 mus,
265 3542 359 3606 quam
380 3542 472 3603 snpra
487 3524 650 3604 postulavi,
674 3522 820 3588 Troiae
843 3524 1008 3588 scilicet
1029 3523 1329 3604 expugnandae

163 3647 319 3709 semper
355 3630 539 3709 rupinum
579 3649 668 3694 esse
708 3631 907 3694 Achillem.
961 3631 1074 3695 Votum
1111 3630 1185 3709 feci,
1223 3648 1328 3710 neque

162 3736 287 3801 frustra.
331 3737 440 3801 Hunc
469 3739 567 3800 enim
598 3739 726 3818 ipsum
751 3756 928 3819 versum,
959 3757 1067 3818 quem
1096 3737 1327 3842 postulavi,

162 3862 202 3906 re
226 3862 319 3908 vera
341 3844 478 3921 habet,
512 3845 578 3907 sed
607 3845 733 3921 solus,
764 3844 1066 3926 palimpsestus
1094 3844 1326 3926 Syriacns¹l

232 4045 256 4111 l)
275 4044 327 4098 Cfr.
349 4044 509 4111 Fragments
533 4045 564 4096 of
585 4045 632 4097 the
652 4044 722 4096 lliad
741 4045 771 4097 of
787 4043 888 4097 Homer
908 4044 975 4097 from
999 4062 1015 4097 a
1033 4043 1127 4114 Syriae
1146 4041 1330 4113 Palimpsest.

160 4131 252 4188 enitet
274 4130 307 4202 by
328 4131 451 4186 Williarn
476 4130 601 4185 Curetum
643 4133 722 4194 1851,
742 4150 767 4201 p.
787 4135 827 4184 δῖ).
