2992 4846
729 295 767 356 24

169 468 221 533 ubi
244 467 317 531 illud
338 468 440 531 αἰκοῖ
447 493 462 542 ς
485 486 607 550 queque
628 472 896 554 deprehendimus,
922 474 1001 553 quod
1025 493 1092 538 curn
1111 477 1208 542 verbo
1231 480 1324 547 ικέικί-

169 581 232 655 ζειν
253 577 406 642 cohaeret..

250 710 416 773 Praeterea
435 708 634 788 preurendunr
654 713 702 772 est
715 711 843 772 verbum
866 708 1114 789 ἑλκυστάζων
1138 719 1323 790 eudenrloru

167 816 298 880 inveniri
319 819 361 896 (Ω
373 814 519 896 18-21),
542 834 602 896 quo
621 816 849 879 substantivum
867 816 890 878 α’
898 824 1003 882 εικεί
1008 842 1039 901 η,
1061 823 1142 900 quud
1160 825 1203 890 ab
1216 831 1324 894 eadem

167 924 309 987 nirnirunr
341 921 442 985 radice
471 923 618 1000 originem
644 922 728 987 ducit
750 930 842 1003 atque
865 923 976 1003 αἰκῶς,
1000 925 1128 1008 αἐικιός,
1150 932 1325 1018 αἐικελίως,

167 1030 322 1107 οἷεικίζειυ.
368 1029 452 1092 Haec
474 1028 568 1092 verba
591 1035 674 1093 sunl:

212 1143 249 1202 18
813 1141 882 1200 τοῖο
904 1138 933 1199 d
953 1138 1114 1204 Ἀπόλλων

269 1248 384 1308 πᾶσαν
405 1243 590 1325 οἷεικείην
611 1238 718 1322 ἄπεχε
737 1243 818 1323 χροΐ,
841 1245 921 1325 φῶτ’
942 1246 1093 1328 ἐλεαίρων

268 1353 320 1414 καὶ
342 1350 510 1432 τεθνηότα
531 1369 601 1430 περ’
624 1351 699 1432 περὶ
723 1350 751 1412 δ’
772 1349 871 1430 αἰγίδι
892 1351 1006 1416 πάντα
1026 1354 1194 1420 κάλυπτεν

207 1462 242 1522 21
266 1463 408 1541 χρυσείη,
430 1456 484 1520 ἵνα
504 1457 548 1539 μή
568 1480 624 1538 μιν
646 1456 836 1540 οἶποδριῖφοι
858 1459 1128 1539 ἑλκυστάζων.

250 1591 289 1654 Et
311 1591 358 1654 hic
378 1590 603 1654 substantivum
625 1589 745 1670 αἐικείη
766 1589 901 1669 aceedit,
923 1592 1004 1673 quud
1027 1600 1152 1674 praeter
1170 1595 1257 1663 hunc
1277 1601 1328 1665 lli-

165 1699 234 1762 adis
258 1698 358 1761 lucum
381 1715 440 1759 non
464 1697 522 1759 nisi
544 1696 636 1759 sernel
660 1702 692 1758 et
713 1714 838 1759 nurnero
861 1697 981 1776 quidenr
1002 1700 1114 1780 plurali
1131 1702 1162 1765 iu
1180 1703 1328 1786 Odyssea

165 1811 207 1888 (v.
228 1804 303 1883 308)
324 1803 495 1867 adhibetur.
537 1802 640 1864 Verba
663 1803 738 1865 haec
760 1801 855 1867 habe:
912 1882 916 1895 ι

186 1915 244 1975 303
267 1909 466 1997 Κτήσιππον
487 1909 515 1971 d‘
537 1904 601 1989 ἄρα
627 1908 811 1992 Τηλέμαχος
832 1909 981 1992 ἠνίπαπε
1001 1910 1110 1993 μύθῳ.

268 2015 463 2099 »Κτήσιππ’,
484 2018 506 2099 η’
526 2014 617 2096 μάλα
638 2039 686 2078 τοι
706 2015 783 2079 τόδε
802 2017 928 2097 κέρδιον
950 2018 1068 2081 ἔπλετο
1089 2023 1199 2102 θυμῷ·

266 2125 324 2187 οὐκ
346 2124 458 2206 ἔβαλες
479 2123 537 2186 τόν
560 2109 674 2198 ξεῖνον·
697 2122 838 2187 alelmo
859 2124 919 2205 γοέρ
939 2125 1030 2206 βέλος
1047 2126 1154 2201 αὐτός.

265 2223 289 2315 ἦ
308 2230 368 2313 γάρ
390 2239 445 2293 κέν
467 2252 504 2295 σε
525 2240 626 2311 μέσον·
647 2231 749 2312 βάλον
771 2233 858 2312 ἔγχεϊ
877 2229 1032 2312 ὀξυόεντι,

263 2344 320 2400 καί
338 2362 373 2399 κε
394 2362 443 2401 τοι
463 2337 537 2400 α’ντὶ
557 2337 672 2419 γάμοιο
692 2338 802 2422 πατήρ
822 2338 932 2422 τοίφον
954 2339 1180 2421 ἀμφεπονεῖτο

184 2447 243 2509 308
265 2445 401 2510 ἐνθάδε.
432 2449 479 2508 uui
499 2445 544 2530 μή
564 2450 612 2519 τίς
629 2469 683 2526 μοι
704 2444 889 2519 οιέικείας
910 2447 958 2508 ε’νὶ
979 2446 1055 2527 οἴκῳ

266 2561 415 2635 φαινέτω·
437 2549 498 2635 ’ἤδη
518 2553 578 2635 yolo
599 2562 678 2616 νοέω
699 2554 752 2616 καὶ
773 2544 848 2617 οἶδα
869 2554 1001 2632 ἕκαστα,

263 2658 373 2724 ἐσθλά
393 2661 501 2723 τεκαὶ
522 2662 564 2723 τοί
585 2670 693 2743 χέρηα·
715 2660 819 2743 ποτ’ρος
841 2661 869 2723 d’
891 2663 938 2724 ἔτι
959 2658 1072 2747 νήπιος
1090 2650 1161 2748 ἧος

244 2792 408 2871 Leguntur
436 2799 537 2855 autern
560 2791 636 2855 haec
658 2793 744 2856 brevi
765 2793 867 2872 spatie
889 2798 961 2855 ante
983 2791 1078 2873 illuni,
1106 2812 1195 2873 quenl
1225 2813 1325 2876 supra

163 2898 234 2976 dixi,
256 2899 354 2962 lueuur
379 2900 420 2976 (v.
433 2896 553 2979 hida),
577 2898 628 2962 ubi
645 2899 721 2963 illud
738 2898 907 2980 ῥοστιίζειν
922 2899 1095 2976 adhibetur,
1116 2900 1196 2980 quod
1221 2907 1324 2968 52755

161 3005 284 3069 trabere
305 3005 469 3084 significat,
491 3025 548 3086 pro
570 3023 630 3084 quo
654 3005 717 3070 h.l.
741 3008 843 3086 (5221)
865 3005 1070 3082 ἑλκυστάζων
1091 3007 1215 3088 legitur.
1238 3047 1280 3058 —

241 3128 350 3210 Neque
371 3129 430 3192 iarn
454 3128 574 3208 dubito,
603 3131 677 3208 quin
706 3130 779 3194 nrihi
798 3131 965 3212 concedas,
995 3150 1101 3196 ornnes
1131 3133 1203 3213 h0S‚
1239 3154 1324 3218 quos

162 3233 252 3296 mollo
276 3234 346 3313 dixi,
366 3235 447 3298 locus
471 3235 541 3298 libri
560 3240 599 3314 Ω,
628 3236 739 3316 quibus
760 3237 911 3300 vocabula
939 3238 1095 3318 αἐικίζειν,
1118 3239 1251 3322 αἐικείη,
1273 3242 1324 3308 ἑλ-

160 3343 344 3420 κυστάζων,
375 3341 543 3421 ῥυσταζειν
576 3342 728 3421 leguntur,
761 3343 928 3419 odyssean
959 3363 1075 3426 supere.
1112 3382 1142 3391 -
1174 3347 1322 3430 Denique

160 3446 308 3524 αἐικίζειυ
337 3449 367 3511 in
388 3452 418 3511 Ω
448 3447 485 3510 de
515 3447 666 3511 trahendo
700 3455 881 3529 usurpatum
907 3452 1067 3516 recentiori
1094 3453 1189 3516 aelati
1218 3456 1323 3520 vindi·

162 3554 295 3618 candum
317 3560 375 3619 esi.
