2992 4846
730 277 749 341 l

160 479 228 530 esso
260 456 321 527 iarn
352 449 469 541 pridem
500 452 537 522 (i.
564 446 762 521 Hermannus
792 457 926 539 voluit¹).
961 493 999 504 ·-
1030 457 1111 539 Quid
1147 460 1256 531 dicam
1291 469 1327 534 de

160 570 298 636 versibus
328 574 359 630 B
381 571 450 630 689.
475 568 543 628 too.
568 565 645 642 772,
676 564 729 643 qui
764 564 795 627 in
826 564 975 655 catalogo¹
997 569 1121 634 navium
1151 572 1328 654 leguntur?

160 678 245 743 Satis
268 680 317 739 est
338 673 388 737 hic
412 675 567 753 repetere,
588 688 669 751 quae
692 671 880 736 Benedictus
900 671 1025 738 Niesius
1047 675 1083 758 (l.
1107 676 1125 740 l.
1148 696 1179 758 p.
1203 685 1263 762 69)
1288 684 1327 748 dc

159 785 216 849 hoc
245 781 387 859 catalogo
422 778 515 841 dixit:
554 777 678 859 Le'tnqst
706 779 750 843 esc
780 779 946 859 lentesco,
974 781 1051 847 does
1082 784 1225 853 derselbe
1253 789 1328 856 kein

159 887 420 972 ursprri'oplr'ciaes
443 884 539 950 Stdclr
567 886 623 950 der
645 884 731 950 Ilios
760 887 818 965 ist,
846 887 1106 954 wotrseitee'nliclr
1133 893 1178 958 ist
1207 917 1243 959 er
1266 898 1328 963 dos

160 997 367 1078 alterjttupsre
396 994 451 1058 des
477 1012 601 1074 ponzen
631 991 799 1071 Gediedtr,
837 995 922 1060 donn
950 1017 985 1059 er
1013 1002 1091 1062 setat
1120 999 1173 1066 dte
1200 1001 1327 1087 tantine

160 1106 249 1171 llius
260 1123 344 1186 gone
357 1121 474 1165 corone
494 1106 527 1163 et
537 1118 565 1180 p.
577 1101 654 1163 202:
677 1099 726 1163 Er
747 1102 789 1165 ist
806 1120 902 1183 sogor
912 1103 1029 1186 jdnqer
1045 1105 1096 1170 als
1109 1106 1162 1171 die
1173 1106 1327 1192 Odyssea.

160 1212 264 1277 Aede
289 1215 356 1273 toto
375 1206 453 1271 libro
475 1213 499 1281 1,
523 1208 552 1269 in
572 1223 631 1286 quo
650 1207 801 1287 plurimae
825 1225 914 1272 voces
935 1209 1086 1276 irascendi
1109 1213 1326 1299 inueniuntur,

160 1321 221 1384 iam
244 1317 397 1396 Georgius
421 1314 548 1378 Grotius
570 1324 654 1378 recte
676 1314 861 1379 indicavisse
883 1315 1048 1398 videtur2).

247 1443 361 1507 Omnes
384 1446 486 1504 nutem
506 1457 559 1503 sex
575 1438 633 1504 loci
650 1437 723 1502 libri
742 1440 817 1502 Tin
835 1456 872 1503 ea
890 1444 979 1521 parte
999 1448 1081 1523 sunt,
1104 1462 1185 1524 quae
1197 1444 1329 1512 Achillis

163 1557 195 1615 et
217 1546 459 1630 Agamemnonis
491 1545 700 1610 reconciliatio
730 1545 788 1611 diei
817 1553 929 1627 potest.
974 1548 1073 1626 Quam
1103 1568 1121 1614 a
1147 1553 1328 1632 posteriore

161 1657 265 1738 aliquo
286 1659 380 1737 poeta
402 1653 516 1718 laetam
539 1671 606 1717 esse
629 1652 728 1716 multa
750 1652 961 1735 ostendente).

244 1789 277 1852 ln
306 1788 393 1852 initio
422 1785 492 1850 libri
518 1791 550 1849 Τ
576 1785 643 1866 ipsa
672 1784 720 1848 iro
740 1785 885 1864 Achillis,
915 1804 995 1866 quae
1025 1793 1073 1852 est
1102 1793 1214 1853 contra
1243 1793 1330 1873 Aga·

162 1913 372 1972 memnonem,
394 1891 519 1972 finitur3
553 1910 704 1972 nusquam
733 1891 835 1957 adhuc
864 1898 1105 1973 μενεαίνων
1135 1896 1174 1960 de
1195 1896 1256 1964 hac
1280 1901 1328 1966 ira

163 1984 345 2083 usurpatum
367 2005 432 2077 est3
456 1999 505 2064 hie
521 1999 623 2063 subito
639 2000 771 2079 emergit
790 2000 832 2082 (v.
846 2005 885 2064 58
900 2006 932 2064 et
943 2000 1004 2082 68).
1047 2001 1180 2068 Mireris.
1224 2006 1330 2072 Antea

163 2112 243 2175 enim
266 2108 383 2173 nullam
404 2106 497 2171 aliam
520 2105 778 2187 significationem
800 2107 1041 2188 μενεαίνων
1062 2111 1177 2175 habere
1198 2113 1333 2196 assolet·

162 2236 254 2299 quam
278 2213 393 2280 teneat
413 2214 460 2279 vel
485 2213 637 2296 ,cupidum
661 2215 778 2293 esse‘.⁴)

249 2337 360 2422 ltaque
393 2341 450 2405 etsi
480 2340 512 2403 in
543 2339 629 2405 brevi
652 2335 775 2403 tantum
796 2346 964 2419 conspectu
987 2359 1075 2405 voces
1096 2343 1202 2424 posui,
1231 2362 1332 2411 exeo
1357 2339 1359 2342 ’

135 2431 136 2434 “
165 2454 270 2512 tamen
294 2447 432 2528 intellegi
451 2451 556 2528 potest
576 2445 715 2511 futurum
737 2463 804 2510 esse
827 2451 863 2510 ut
891 2447 983 2511 etiam
1007 2448 1111 2529 plures
1132 2449 1191 2514 loci
1214 2453 1331 2524 exilio

167 2555 269 2620 indice
291 2554 465 2635 demantur,
487 2555 511 2618 si
534 2555 603 2635 quis
627 2553 781 2636 copiosius
802 2553 834 2618 in
857 2553 938 2618 hanc
960 2573 1024 2618 rem
1046 2556 1253 2637 inquisiverit.

247 2677 354 2760 Neque
390 2697 463 2743 vero
499 2679 647 2742 minorem
681 2677 906 2743 dubitationem
937 2679 964 2742 ei
993 2678 1052 2743 loci
1081 2679 1156 2744 mihi
1183 2680 1333 2748 videntur

164 2785 298 2868 habere,
331 2784 444 2870 quibus
473 2791 567 2866 poeta
588 2784 736 2849 Achillem
767 2784 814 2848 ira
843 2785 875 2848 in
897 2786 1155 2865 Agamemnonem
1185 2787 1332 2869 deposita

192 2999 195 3003 ’
236 2999 263 3066 l)
280 2995 334 3052 cfr.
352 2994 426 3051 Guil.
442 2992 591 3050 Christium
616 2992 645 3046 in
669 2993 736 3048 edit.
756 2992 835 3047 Iliad.
851 3011 878 3063 p.
892 2994 957 3048 476:
979 2994 1060 3049 Libra·
1075 2994 1098 3046 Ξ
1113 3010 1206 3050 uersus
1224 3000 1334 3054 1-152

165 3084 199 3139 ab
222 3084 370 3139 recentiore
393 3087 476 3152 po'e'to
501 3083 592 3136 uetere
618 3081 741 3136 carmina
769 3081 875 3136 aretine
899 3084 969 3136 inter
992 3098 1020 3136 se
1042 3082 1187 3151 copulante
1205 3087 1230 3137 et
1250 3087 1334 3152 qnasi

165 3176 309 3225 eonsnente
333 3168 453 3224 adiectos
477 3184 531 3222 esee
561 3167 654 3223 docuit
680 3169 857 3222 Hermannos
881 3185 924 3238 op.
950 3169 1042 3232 1⁷62,
1075 3168 1145 3222 unde
1168 3168 1260 3223 eodem
1284 3187 1332 3225 eoe

166 3258 320 3312 litterarum
339 3271 434 3325 genere
452 3270 505 3324 qno
523 3270 618 3308 uersus
638 3253 819 3309 0390—405
839 3259 865 3309 et
881 3257 906 3305 Λ
919 3259 1077 3321 596-848,
1095 3260 1189 3324 utpote
1208 3272 1277 3324 quos
1294 3259 1331 3312 ab

166 3343 257 3398 eodem
277 3341 499 3398 consarcinatore
517 3340 639 3396 adiectos
657 3357 713 3396 esse
731 3341 856 3404 sentium,
877 3340 1063 3397 describendos
1081 3342 1244 3396 rnrooirnus.

235 3429 262 3497 2)
287 3427 340 3482 Cir.
366 3427 533 3482 Ludovieum
559 3426 804 3482 Friedlaenderum
836 3428 954 3492 ,Homen
982 3427 1075 3482 Kritik
1102 3444 1156 3481 von
1181 3427 1261 3481 Wolf
1287 3428 1332 3483 bio

165 3515 249 3570 Grote
268 3514 342 3569 18511ί
364 3533 390 3584 p.
410 3514 457 3570 37:
477 3516 553 3570 Dosa
572 3514 620 3570 der
637 3521 735 3570 neunte
755 3514 863 3581 Gesonq
880 3514 955 3569 nicht
972 3515 1166 3584 urnprttnqir'elr
1184 3517 1221 3570 im
1240 3516 1331 3572 Plane

166 3601 214 3656 der
232 3601 362 3657 Achilleis
379 3603 440 3672 tuq,
458 3601 576 3673 eondern
597 3608 653 3658 erat
668 3601 857 3670 nochtro'ipliclu
876 3602 1065 3671 einqeoeltoden
1083 3601 1193 3657 worden
1211 3603 1261 3666 iot,
1280 3605 1331 3660 luat

167 3689 265 3752 Grote.
289 3689 340 3743 rote
363 3690 417 3743 mir
439 3690 555 3753 conone,
577 3705 627 3743 zur
644 3676 768 3743 Euidenz
785 3687 919 3741 erwiesen.
948 3718 981 3726 -
1014 3687 1068 3741 Die
1092 3689 1151 3742 oter
1176 3688 1275 3743 Stellen
1299 3689 1332 3743 in

166 3774 218 3830 den
236 3780 349 3845 apetern
369 3774 511 3844 Gesdnpen
536 3775 623 3843 (metr
641 3773 705 3830 eind
723 3790 750 3829 ea
767 3774 868 3844 nieht),
893 3776 922 3829 in
946 3772 1030 3829 denen
1056 3775 1114 3837 ouf
1130 3774 1174 3829 die
1194 3775 1330 3831 Gesondt·

165 3863 257 3933 ernost
275 3863 312 3916 im
330 3867 447 3917 neonten
464 3862 543 3917 Burin
562 3862 713 3932 unqeapr‘elt
729 3860 812 3924 utro,
831 3859 895 3914 sind
911 3861 991 3915 letott
1008 3877 1042 3914 au
1060 3859 1211 3930 beneitiqen.
1240 3862 1331 3917 ⁴Knrz

166 3948 217 4003 doe
235 3953 332 4003 neunte
350 3948 429 4003 Baelo
447 3950 527 4003 rtiltrt
545 3964 599 4003 oon
618 3949 692 4002 einer
710 3947 814 4002 andern
834 3945 922 4001 Hand
940 3949 987 4002 laer
1007 3949 1048 4002 ols
1067 3947 1112 4000 dte
1128 3949 1266 4003 Achilleis.

234 4035 261 4104 3)
281 4034 334 4089 on.
354 4035 383 4087 B.
399 4032 522 4088 Niesium
542 4033 560 4087 l.
580 4034 599 4088 1.
617 4053 643 4104 p.
662 4034 703 4088 65.

236 4121 264 4188 4)
283 4121 323 4174 De
346 4120 433 4174 0104
453 4123 481 4175 et
499 4122 530 4170 Π
544 4122 592 4174 491
613 4121 662 4174 eir.
682 4137 754 4188 quae
772 4120 911 4189 disputavi
929 4120 1002 4172 infra
1019 4137 1045 4187 p.
1064 4122 1122 4174 36-
1133 4123 1174 4174 46.
