2992 4846
728 258 772 328 33'

249 438 310 502 Sed
333 434 423 529 hasce
444 440 613 504 sententias
637 440 737 506 habco
762 461 822 524 quo
849 444 943 506 ctiam
966 438 1066 524 magis
1089 437 1266 508 confirmem
1289 463 1326 510 ac

163 548 311 610 muniam.
369 545 458 610 Nunc
487 546 567 610 enim
596 548 636 610 ad
668 549 830 614 verbnm
866 556 1111 632 μενεαίνειν
1150 551 1326 632 transgredi

163 654 254 732 volo,
290 653 411 736 quod,
449 654 512 717 ubi
548 654 697 720 iratum
728 675 823 721 esse
862 659 1093 741 significet,
1131 678 1203 723 non
1240 677 1328 723 esse

167 761 419 826 Homericum
443 762 663 825 ostendam.

609 1044 899 1052 ———-.-—.-

723 1294 777 1360 Iv.

172 1439 232 1522 De
241 1438 357 1532 verbo
367 1459 659 1518 ΜΕΝΕΑΙΝΕΙΝ
666 1439 829 1524 inlliade
839 1439 979 1525 iratum
989 1467 1069 1525 esse
1079 1440 1296 1552 significant
1321 1506 1330 1525 .

254 1603 289 1664 ln
315 1602 450 1665 carmine
472 1606 501 1665 Ω
523 1608 706 1682 μενεαίνων
726 1603 773 1668 bis
805 1605 887 1669 idem
911 1605 995 1669 valet
1023 1605 1104 1685 quod
1127 1606 1333 1686 κεχολῶσθαι

172 1708 264 1772 simil.
764 1708 767 1714 '

313 1829 340 1872 v.
363 1811 401 1871 22
426 1806 466 1883 (ὃς
488 1809 505 1871 ὁ
527 1813 589 1890 μὲν
607 1806 752 1889 Ἕκτορα
780 1809 851 1872 δίον
873 1810 1058 1888 αἐίκνζεν
1085 1816 1331 1891 μενεαίνων.

259 2016 429 2096 Utrobique
457 2018 653 2098 participium
679 2018 765 2082 vides
786 2022 975 2099 μενεαίνων.
1019 2019 1122 2101 Atque
1147 2025 1182 2082 ut
1214 2018 1252 2081 dc
1278 2018 1335 2082 hac

172 2124 327 2204 participii
345 2122 443 2188 forma
465 2126 597 2204 primum
621 2124 728 2203 dicam,
750 2125 862 2206 quippe
881 2143 960 2208 quae
983 2124 1163 2206 saepissime
1185 2132 1335 2205 usurpata

174 2233 234 2310 sit,
257 2249 292 2294 ea
315 2236 439 2311 praeter
456 2231 512 2295 hos
534 2250 643 2295 versus
665 2233 760 2296 etiam
787 2238 818 2295 T
836 2233 895 2296 367
919 2234 1034 2296 iratum
1056 2231 1228 2313 significat:

676 2335 815 2422 ὁδ’ἰίρα
841 2341 1001 2423 Τρωσὶν
1021 2343 1255 2422 μενεαίνων

300 2436 419 2502 δύσετο
440 2439 530 2521 δῶρα
550 2443 642 2517 θεοῦ,
660 2438 704 2503 ταί
725 2439 756 2503 οἱ
766 2439 957 2524 Ἥφαιστος
978 2440 1063 2523 κάμε
1084 2439 1214 2521 τεύχων.

174 2546 271 2609 Recte
304 2553 406 2609 tamen
448 2547 478 2610 in
507 2547 594 2610 Imm.
615 2547 748 2612 Bekkeri
781 2549 856 2613 edit.
885 2549 942 2612 sub
973 2549 1112 2629 margine
1142 2547 1234 2628 positi
1265 2551 1337 2610 sunt

179 2659 212 2716 ν
231 2657 361 2716 aua-a.
1282 2732 1285 2739 ¹

261 2761 389 2825 Duobus
412 2761 481 2823 aliis
501 2761 642 2824 versibus
663 2764 842 2842 μενεαίνων
863 2761 1007 2825 absolute
1029 2748 1145 2825 dictum
1167 2767 1231 2825 est:

178 2872 280 2932 0617
303 2867 373 2931 aar
394 2867 463 2931 οὐδ’
487 2855 529 2942 οἷς
550 2867 672 2931 δύνατο
695 2869 798 2951 ῥῆξαι,
822 2868 913 2950 μάλα
928 2891 992 2951 περ
1009 2873 1187 2949 μενεαίνων

177 2975 218 3038 ad
239 2993 319 3055 quae
342 2977 499 3062 »Quisque
518 2977 615 3058 facilc
635 2975 793 3057 supplebit
816 2976 926 3059 ῥῆξαω
951 2975 1174 3055 Liesegangius
1185 2975 1218 3054 ¹).

263 3082 329 3145 Hoc
357 3083 451 3162 igitur
478 3084 544 3148 loco
573 3087 753 3163 μενεαίνων
781 3101 841 3147 non
873 3083 988 3164 ‚iratus‘
1019 3084 1072 3148 sed
1104 3080 1254 3163 ‚cupidus‘
1280 3086 1338 3146 est.

181 3189 277 3253 Porro
300 3213 315 3250 ε
339 3194 414 3254 341ε
1238 3184 1242 3189 ’

264 3296 302 3360 οὐ
322 3301 382 3378 μὲν
403 3295 445 3383 δή
468 3317 506 3360 σε
525 3302 738 3380 καταφθίσει,
757 3295 869 3379 μάλα
889 3320 966 3377 περ
985 3301 1227 3378 μενεαίνων.

181 3405 227 3470 Dc
249 3425 309 3487 quo
333 3423 424 3468 versu
448 3404 516 3468 vide
539 3422 655 3485 quaeso
677 3423 758 3485 quae
779 3404 858 3469 inira
878 3405 975 3469 statui
997 3423 1027 3485 p.
1049 3405 1098 3468 63.

265 3511 380 3576 Ceteris
401 3515 501 3575 autem
519 3511 594 3575 locis
609 3512 803 3593 participium
820 3516 999 3592 parcamur
1022 3529 1099 3575 cum
1121 3509 1339 3573 infinitivo

182 3620 418 3684 euniuntum
441 3638 595 3700 semper
617 3619 800 3700 cupidum
822 3616 1339 3699 significaremanifestumest.

264 3725 343 3789 Sunt
364 3727 444 3789 enim
466 3726 511 3790 hi:

182 3838 285 3897 Fara
309 3833 415 3915 αὐτάρ
441 3834 459 3896 ὁ
487 3831 541 3924 α’ίψ
570 3830 730 3914 ἐπόρουσε
758 3831 1076 3913 κατακτάμεναι
1104 3832 1341 3910 μενεαίνων

307 3936 394 4014 ἔγχεϊ
410 3935 556 4014 χαλκείῳ.

255 4105 280 4170 1)
301 4104 337 4155 De
356 4101 447 4156 XXIV
468 4101 562 4154 Iliadis
582 4100 731 4170 rhup-odia
750 4098 855 4151 dissert.
874 4097 895 4158 I,
913 4117 939 4167 p.
960 4097 999 4150 10.

1169 4196 1187 4247 3
