2992 4846
692 731 756 798 ΙΠ.

164 871 223 955 Ile
250 871 356 956 verbi
383 887 617 954 ἈΕιιιιΖειΝ
643 900 711 982 per
739 880 858 958 iotam
877 873 1036 958 Iliadem
1060 875 1318 984 usurpatione.

246 1077 353 1158 Neque
369 1096 443 1141 vero
465 1079 542 1141 satis
565 1077 665 1142 habeo
687 1079 870 1163 ostendisse,
893 1079 979 1142 illum
995 1079 1321 1161 furoreonhilleum,

163 1185 264 1264 qualis
287 1186 316 1246 in
334 1189 363 1247 Ω
387 1185 573 1264 depingitur,
596 1203 615 1247 a
637 1184 739 1265 poetis
760 1186 900 1265 priorum
925 1168 1096 1251 carminrfm
1117 1189 1264 1269 ignorari,
1289 1195 1322 1252 et

167 1290 424 1370 significationem
447 1291 529 1354 illam
554 1291 638 1355 verbi
661 1291 811 1370 αἐικίζειν
829 1311 866 1356 ex
889 1311 944 1356 usu
965 1312 1033 1357 esse
1049 1293 1216 1378 Odysseae,
1238 1295 1323 1359 velut

164 1396 334 1480 ροστόζαν
355 1398 453 1474 simil,
477 1399 530 1461 sed
553 1400 645 1462 etiarn
675 1398 903 1463 verisimile
926 1417 1013 1464 esse
1035 1400 1205 1480 docebo,
1235 1420 1322 1465 ver-

162 1507 249 1570 bum
273 1505 643 1580 όεικίζεινοιιιοίιιο
671 1505 802 1567 nonin
827 1512 964 1569 vetere
993 1506 1124 1570 Iliade
1154 1525 1321 1587 usurpa·

163 1620 241 1676 tum
264 1612 399 1675 fuisse.
444 1609 533 1686 Quod
561 1611 586 1673 si
616 1617 699 1674 recte
721 1611 938 1690 indicaverim,
971 1631 1007 1676 eo
1035 1614 1135 1692 magis
1163 1614 1322 1695 probabile

162 1726 236 1800 puto
251 1720 328 1798 lore,
349 1719 430 1781 illam
450 1718 659 1796 ignominiam,
682 1735 742 1798 qua
763 1717 897 1782 trahitur
915 1737 1027 1800 corpus
1042 1719 1198 1802 HectoriS,
1222 1720 1319 1784 multo

168 1827 342 1906 posteriore
364 1830 467 1887 aetate
492 1824 579 1887 iliadi
602 1825 750 1888 insertam
772 1843 848 1888 esse.
878 1820 883 1835 '

245 1933 307 1996 lam
345 1931 480 2010 singulos
514 1931 599 1995 locos
636 1931 805 1996 videamus.
864 1932 1018 2009 Primum,
1057 1938 1092 1996 ut
1127 1933 1187 1997 iarn
1226 1951 1321 2014 supra

163 2041 276 2103 dietum
300 2047 365 2118 est,
396 2040 522 2101 verbum
547 2037 694 2115 οἰακίζων
715 2037 745 2102 in
768 2057 804 2102 ea
826 2045 916 2120 parte
939 2039 1124 2120 rhapsodiae
1146 2046 1183 2103 11
1202 2040 1320 2103 inveni·

164 2155 234 2225 tur,
269 2163 346 2226 qnae
382 2163 449 2210 eum
482 2144 535 2208 illa
569 2142 782 2228 Σαρπηδόνος
815 2146 980 2227 ἀναίρεον,
1021 2164 1111 2226 quarn
1151 2139 1321 2228 appellant,

162 2255 306 2318 cohaeret
328 2252 383 2333 (Π
394 2251 487 2333 545);

266 2365 369 2422 κεῖται
390 2358 617 2453 Σαρπηδών
635 2364 767 2422 Λυκίων
791 2359 867 2440 ἀχός
888 2359 1096 2440 ἀσπιστάων,

159 2450 162 2458 ’
267 2467 300 2540 ὃς
319 2472 445 2549 Λυκίην
465 2465 572 2547 εἴρυτο
594 2465 706 2549 δίκῃσί
719 2464 826 2529 τεκαὶ
849 2471 964 2530 σθένειΙ
986 2454 1021 2548 ᾧ·

262 2573 313 2637 τόν
334 2573 363 2635 δ’
385 2573 452 2636 ὑπό
471 2571 648 2656 Πατρόκλῳ
670 2571 795 2654 δάμασ’
817 2576 904 2655 ἔγχεϊ
921 2570 1166 2657 χάλκεος’Ἁρης.

264 2681 348 2745 ἀλλά
372 2681 458 2764 φίλοι
479 2679 658 2763 πάρστητε,
681 2680 911 2765 νεμεσσήθητε
933 2680 970 2743 δὲ
993 2683 1101 2762 θυμῷ,

183 2792 242 2853 541)
265 2789 309 2875 μη·
329 2787 399 2850 ἀπό
420 2786 523 2867 τεύχε’
545 2788 688 2869 ἕλωνται,
711 2787 956 2852 ἀεικίσσωσι
977 2788 1015 2851 δὲ
1037 2788 1181 2870 νεκρόν

266 2893 484 2976 Μυρμιδόνες,
502 2898 641 2958 Δαναῶν
662 2895 872 2976 κεχολωμένοι
894 2892 987 2959 ὅσσοι
1008 2891 1130 2977 ὄλοντο,

245 3002 321 3074 andr
343 3001 399 3063 ἐπὶ
421 3001 515 3084 νηυσὶ
535 3005 656 3084 θοῇσιν
677 3001 862 3084 ἐπέφνομεν
884 3003 1051 3087 ἐγχείῃσιν.

246 3106 295 3171 Sic
307 3109 386 3171 enim
401 3107 510 3188 Apollo
528 3107 620 3171 duces
632 3107 835 3172 Troianorum
850 3108 1005 3174 admonet.
1038 3108 1200 3174 Patroclus
1215 3115 1322 3172 autem

163 3234 181 3295 a
205 3215 364 3279 contraria
386 3222 476 3294 parte
498 3215 608 3278 Aiaces
629 3213 816 3278 adhortatur
837 3215 940 3279 11558
952 3233 1011 3280 sa:
1035 3226 1037 3230 ’

265 3326 368 3384 κεῖται
388 3321 470 3404 ἀνηρ
491 3318 524 3395 ὃς
545 3323 671 3402 πρῶτος
692 3319 832 3407 ἐσήλατο
852 3326 956 3402 τεῖχος
975 3323 1113 3403 Ἀχαιῶν,

185 3435 244 3493 559
265 3425 504 3511 Σαρπηδόνι.
532 3428 602 3491 ἀλλ’
624 3427 659 3490 εἴ
672 3451 727 3509 μιν
749 3428 1059 3511 ἀεικισσαίμεθ’
1081 3425 1221 3505 ἑλόντες,

260 3532 378 3614 τεόχεά
400 3535 428 3596 τ’
448 3530 559 3616 ὤμοιιν
581 3534 850 3617 ἀφελοίμεθα
870 3539 928 3598 καί
947 3536 1007 3599 τιν’
1029 3534 1174 3616 ἑταίρων.

268 3641 372 3705 αὐτοῦ
392 3641 606 3723 ἀμυνομένων
629 3641 938 3724 δαμασαίμεθα
959 3642 1046 3726 νηλέι
1066 3642 1183 3721 χαλκῶ.

166 3751 278 3830 ltaque
301 3748 428 3812 verbum
447 3748 670 3813 conclamatum
694 3749 752 3812 tris
772 3749 908 3829 positum
931 3753 980 3812 est
1002 3747 1199 3826 (obtiduit).
1242 3745 1322 3809 Tota

165 3875 239 3920 vero
262 3857 337 3920 haec
360 3846 498 3918 narratio
521 3853 734 3937 Σαρπηδόνος
754 3855 924 3937 αἰοίρεσες
943 3855 1116 3935 posteriore
1137 3857 1244 3917 aetate
1266 3851 1323 3915 Pa-

163 3964 291 4028 trocliae
311 3963 428 4026 inserta
450 3960 536 4044 est¹).

165 4098 316 4105 ———

235 4134 260 4202 l)
280 4098 338 4188 Cir?
352 4134 382 4186 B
402 4132 523 4194 Niesiurn
543 4133 560 4187 l.
579 4133 597 4186 l.
614 4153 641 4204 p.
661 4133 709 4186 109
726 4150 759 4186 es.
