2992 4846
656 293 698 356 (33

92 475 252 541 ‹icmum
277 454 666 557 poetisusurpatum
688 479 754 537 est
775 490 904 553 neque
929 471 1162 558 indyssea
1183 476 1261 539 nisi

93 585 229 657 dcjra
252 583 430 662 Neptuni
454 581 680 644 adhibitum
706 581 897 644 occurrii.

177 705 383 789 Perquireudi
409 706 503 786 igitur
525 710 598 769 suut
622 722 728 768 versus
752 705 812 767 duo
834 727 857 764 α
876 705 916 767 90
937 706 1046 784 ζ330,
1077 723 1155 785 quus
1179 705 1260 768 locos

15 810 23 897 J
94 813 286 878 adscriboz'
327 842 333 893 p
893 882 897 886 ,

92 945 117 984 α
161 922 203 985 dd
532 917 1079 997 ὁδιέσιτερχὲςμενύαινεν

221 1026 366 1105 α’ντιδύῳ
383 1024 511 1107 Ὀδυσῆι
532 1023 635 1105 πάρος
656 1023 697 1107 ἣν
718 1027 815 1103 γαῖαν
837 1021 977 1087 ἱκέσθαι.

90 1137 111 1211 ζ
136 1134 200 1197 330
529 1130 598 1194 ὁδ’
620 1131 879 1213 ἐπιζαφελῶς
900 1139 1123 1210 μενέαινεν

220 1238 363 1318 α’ντιίλέῳ
384 1235 512 1319 Ὀδυσῆι
532 1237 636 1317 πάρος
657 1237 697 1320 ἣν
716 1243 813 1318 γαῖαν
834 1235 975 1301 ἱκέσθαι.

93 1366 98 1375 “
181 1364 435 1445 Itaqueuircque
453 1361 568 1431 lucode
587 1363 642 1439 ira,
662 1379 723 1442 qua
736 1360 899 1442 Neptunus
915 1362 944 1424 iu
956 1360 1079 1425 Ulixem
1097 1336 1261 1442 flagrabat,

93 1470 223 1533 dicitur.

184 1593 254 1656 Alio
285 1591 408 1655 lucaei
441 1593 534 1656 tertio
564 1593 675 1670 ⁸341,
709 1590 762 1655 ubi
794 1591 831 1653 dc
860 1589 965 1652 eadem
998 1590 1045 1652 ira
1077 1609 1177 1653 sermo
1204 1596 1261 1670 est,

95 1705 284 1783 μενεαίνων
304 1699 384 1762 idem
408 1699 510 1762 valere
532 1699 614 1778 quod
636 1698 841 1779 κεχολῶσθαι
863 1696 951 1760 simil.
974 1714 1034 1760 nun
1057 1697 1172 1761 invitus
1196 1707 1261 1762 sia-

98 1817 185 1874 iues,
208 1807 233 1868 si
255 1805 312 1869 huc
330 1806 456 1869 verbum
479 1805 509 1867 in
529 1803 669 1886 Odyssea
689 1823 749 1868 nou
774 1804 831 1868 uisi
856 1803 893 1865 de
910 1802 1055 1883 Neptuno
1073 1812 1258 1885 usurpatum

100 1917 226 1992 ‚iratum
257 1913 334 1975 esse'
367 1911 541 1992 significare
575 1912 829 1975 consideraveris.
880 1911 950 1975 Non
983 1911 1099 1974 invitus
1130 1918 1261 1989 statues

98 2023 244 2102 inquam.
279 2019 320 2082 Ar
344 2023 447 2082 tamen
471 2023 507 2082 ut
520 2019 655 2098 primum
674 2019 711 2082 de
732 2017 791 2081 hcc
812 2020 876 2082 loco
899 2036 1000 2099 agam,
1019 2019 1045 2081 si
1063 2037 1183 2083 versum
1202 2020 1259 2083 341

96 2146 164 2192 una
194 2144 259 2190 cum
291 2124 494 2205 praecedente
527 2126 655 2206 legerim
687 2129 868 2205 μενεαίνειν
898 2144 953 2205 pro
983 2126 1133 2205 cupiendo
1165 2127 1261 2206 accipi

93 2233 213 2297 richere
235 2230 422 2296 affirmabis:

92 2365 110 2403 ε
135 2339 196 2405 339
222 2338 378 2420 κάμμορε,
400 2343 497 2401 τίιττε
517 2361 566 2400 τοι
587 2325 653 2400 udde
676 2338 873 2402 Ποσειδάων
895 2339 1078 2418 ἐνοσίχθων

221 2445 402 2509 ὠδύσατ’
426 2443 656 2543 ἐκπάγλως,
680 2442 729 2507 δτι
751 2468 800 2508 τοι
821 2447 906 2508 κακδ
928 2446 1034 2509 πολλοὶ
1057 2444 1205 2528 φντεδει,·

223 2553 261 2615 ού
281 2557 342 2632 μὲν
366 2550 408 2636 δή
430 2570 468 2614 σε
489 2555 701 2634 καταφθίσει,
722 2551 836 2633 μάλα
855 2540 931 2634 περ
954 2559 1197 2633 μενεαίνων.

92 2679 177 2744 Nam
205 2677 388 2757 Neptunum
417 2676 615 2739 iratissimum
646 2693 712 2739 esse
741 2677 802 2739 iam
833 2675 886 2738 illa
922 2675 1064 2740 ὠδύσατ’
1096 2678 1261 2758 ἐκπάγλως

93 2785 177 2850 satis
199 2785 376 2863 exprimunt
398 2790 430 2846 ei
452 2782 632 2846 adverbium
661 2781 770 2861 μύλα,
802 2783 827 2847 si
849 2789 1028 2864 μενεαίνων
1057 2785 1086 2847 iu
1114 2791 1261 2864 sequente

95 2911 191 2956 versu
214 2892 294 2955 idem
316 2889 398 2970 quod
418 2887 563 2975 ὠδύσατ’
581 2889 739 2952 declarare
760 2890 822 2967 vis,
852 2890 1030 2970 languidius
1053 2891 1168 2955 dictum
1193 2910 1259 2956 esse

95 3005 171 3082 posi
191 2999 319 3078 gravius
343 2995 417 3059 illud
439 2994 606 3076 ἐκπάγλως
628 2995 845 3074 ncuuegabis
887 2996 933 3060 Eo
955 2997 1048 3076 igitur
1071 2998 1261 3078 devenimus

95 3111 137 3170 ut
156 3105 214 3168 hoc
241 3103 307 3166 luco
338 3106 548 3185 καταφθϊσαι
576 3102 782 3182 supplendum
811 3120 879 3166 esse
909 3104 1048 3167 dicamus
1079 3103 1181 3184 (μα’λα
1200 3128 1262 3187 περ

95 3216 278 3294 μενεαίνων
296 3211 528 3293 καταφθίσαι),
550 3209 632 3272 sicui
655 3209 751 3272 0617
775 3209 868 3292 ῥῆξαι
890 3209 976 3291 (ἄλλ’
998 3209 1058 3273 οὐδ
1077 3199 1120 3282 οἷς
1140 3209 1262 3273 δύνατο

98 3321 211 3402 ῥῆξαι,
232 3317 325 3398 μάλα
345 3340 409 3398 περ
429 3317 631 3397 μενεαίνων).

181 3441 244 3504 Ηοε
272 3447 376 3505 autem
405 3446 471 3504 tres
502 3439 586 3503 locos
614 3438 652 3501 ad
681 3443 817 3502 veterem
846 3437 1017 3519 Odysseam
1047 3441 1169 3503 omniuo
1200 3460 1260 3505 uon

96 3550 274 3631 pertinere,
296 3548 356 3610 iam
380 3565 417 3608 ex
440 3565 476 3609 co
498 3545 571 3609 mihi
593 3545 713 3609 videtur
735 3563 903 3627 apparere,
926 3545 1009 3626 quod
1034 3546 1087 3609 illa
1111 3547 1156 3609 ira
1178 3547 1261 3627 Nep·

97 3655 167 3719 tuni
189 3673 249 3718 nou
277 3654 333 3717 nisi
355 3654 385 3716 iu
415 3653 458 3716 eis
481 3653 620 3732 partibus
642 3651 817 3733 odysseae,
847 3669 928 3731 quae
950 3652 1123 3730 posteriore
1155 3659 1260 3717 aeram

95 3768 186 3826 ortae
208 3777 276 3824 esse
298 3765 463 3841 putantur,
486 3776 580 3822 causa
600 3758 781 3838 principalis
805 3757 902 3822 Ulixis
925 3768 1064 3821 errorum
1085 3745 1169 3823 facta
1192 3778 1260 3824 esse

101 3868 269 3947 videtum).

101 3989 471 4103 Wiuenizerrrru
488 4033 505 4087 l.
516 4032 533 4086 l.
544 4051 570 4101 p.
580 4033 717 4098 roa—2&
735 4033 856 4088 Niesium
877 4051 902 4102 p.
914 4034 962 4085 173
971 4052 1005 4101 s.;
1024 4033 1107 4087 eiiam
1118 4035 1259 4091 Jaeouium

97 4119 116 4179 l,
137 4123 155 4177 l.
175 4140 201 4191 p.
222 4123 269 4175 421
279 4141 312 4175 ss.
