2992 4846
643 248 761 376 51'

75 484 330 568 Sequuntunvv.
353 489 492 552 59-60:

17 602 26 608 “
143 615 146 620 ·
163 594 223 683 τήν
244 590 333 678 ὄφελ’
357 597 392 658 ἐν
410 593 524 684 νήεσσι
544 596 751 680 κατακτάμεν
764 596 906 681 ’Ἄρτεμις
927 597 973 679 ι’ᾥ,

33 693 56 732 ⁰*
113 710 115 715 '
163 700 264 794 ήματι
282 705 328 784 τῷ
346 700 393 782 ὅτ’
415 702 495 783 ἐμάν
515 702 635 786 ἑλόμην
654 712 689 768 A
696 706 905 787 υρνησσδν
925 705 1071 779 ὀλέσσας.

75 810 188 874 Patria
209 811 287 874 enim
313 811 456 873 Briseidis
478 810 507 875 h.
529 811 547 874 l.
569 811 764 894 Λιιριησσός
783 813 973 893 appellatur,
1004 820 1113 877 contra
1135 813 1238 878 Thebe

75 917 107 979 in
145 918 369 993 meo-9⁶23
394 898 505 1000 ¹atque
542 917 572 979 in
606 918 746 996 catalogo
786 919 906 982 navium
945 925 976 981 Β
1004 920 1063 982 688
1084 937 1124 984 εε.
1162 920 1239 987 haec

71 1022 223 1105 legimus:

162 1133 250 1191 κεῖτο
270 1128 332 1209 γάρ
354 1128 389 1189 ἐν
411 1125 526 1210 νήεσσι
547 1129 711 1213 ποδάρκης
731 1131 799 1204 δῖος
820 1129 974 1210 Ἀχιλλεύς

160 1233 274 1317 κούρης
293 1234 455 1316 χωόμενος
477 1236 651 1318 Βρισηίδος
672 1236 835 1320 ἠυκόμοιο,
912 1261 917 1269 ·

161 1343 221 1424 τήν
243 1341 278 1403 ἐκ
297 1345 496 1423 Λυρνησσοῦ
515 1342 654 1417 ἐξείλετο
677 1343 784 1407 πολλά
806 1343 957 1428 μογήσας,

73 1450 137 1512 691
161 1448 359 1531 Λυρνησσόν
380 1447 613 1532 διαπορθήσας
635 1451 688 1511 καὶ
710 1455 828 1529 Τείχεοι
851 1449 970 1534 Θήβης,

91 1628 94 1633 ,
163 1555 227 1617 κάδ
248 1556 286 1617 δὲ
307 1553 417 1638 Μάητ’
441 1555 557 1637 ἔβαλεν
578 1556 632 1618 καὶ
654 1557 870 1640 Ἐπίστροφον
893 1555 1133 1638 ἐγχεσιμώρους,

164 1661 251 1735 υἱέας
273 1661 412 1744 Εὐηνοῖο
434 1661 643 1745 Σεληπιάδαο
665 1658 812 1736 ἄνακτος.

163 1771 219 1852 τῆς
241 1767 260 1830 o‘
280 1791 314 1849 γε
336 1769 419 1830 κεῖτ’·
436 1767 559 1847 άχεων,
581 1769 669 1849 τάχα
690 1769 718 1831 δ’
741 1769 972 1853 ἀνστήσεσθαι
993 1769 1133 1851 ἔμελλεν.

75 1893 253 1971 Catalogus
281 1898 385 1955 autem
409 1892 532 1955 navium
562 1899 634 1972 post
663 1898 759 1955 totam
790 1893 917 1956 Iliadem
946 1900 1032 1958 ortus
1056 1904 1117 1976 est,
1146 1900 1178 1958 et
1204 1896 1239 1972 is,

74 2000 134 2083 qui
172 1999 210 2062 ibi
243 1998 316 2061 fecit
350 2018 377 2061 v.
401 1999 479 2076 691,
522 1998 642 2062 efficere
677 1999 787 2079 voluit,
836 2019 874 2062 ne
909 2007 1036 2080 putares
1072 2001 1240 2066 Homerum
1341 2074 1343 2081 y

74 2123 184 2169 secum
208 2122 346 2184 pugnare
360 2106 397 2184 ¹).

161 2211 195 2274 In
228 2230 254 2273 v.
278 2212 316 2272 62
346 2219 525 2291 suspectum
556 2211 627 2273 mihi
658 2211 781 2275 videtur
809 2230 878 2276 esse
908 2213 985 2277 illud
1015 2214 1113 2294 ἐμεῦ
1142 2214 1241 2278 α’πο-

74 2316 388 2400 μηνίοαντοςῖ).
426 2317 558 2380 Verbum
581 2318 661 2381 enim
679 2317 703 2379 ά
711 2341 763 2379 πο
771 2323 954 2401 μηνίειν,
975 2320 1061 2383 euius
1079 2321 1241 2402 participio

77 2431 203 2503 tantum
226 2425 368 2504 (excepto
391 2442 452 2487 uno
482 2423 547 2486 loco
570 2423 600 2486 in
624 2423 762 2504 Odyssea
786 2448 811 2486 π
836 2426 896 2490 378
917 2426 1127 2510 ἀπομηνίσει)
1149 2435 1241 2508 ροόιε

76 2531 199 2610 utitur,
228 2536 376 2610 quattuor
406 2531 478 2594 locis
507 2530 639 2610 legitur,
667 2549 796 2610 quorum
826 2532 856 2594 in
883 2532 976 2610 facie,
1008 2540 1043 2597 ut
1064 2534 1109 2597 ita
1130 2533 1240 2615 dicam,

77 2638 233 2718 scriptum
257 2641 322 2715 est,
343 2654 395 2699 eos
418 2654 479 2699 non
504 2655 571 2700 esse
592 2637 768 2701 Homericos
780 2635 816 2719 ⁸).

165 2742 365 2821 Participium
388 2748 491 2805 autern
521 2742 731 2824 αἰιομηνίσας
758 2743 889 2823 prImum
914 2729 1046 2808 occ'urrit
1075 2745 1104 2808 in
1127 2753 1158 2809 Β
1181 2747 1240 2810 ίίῖ

82 2849 134 2931 (in
158 2850 282 2913 navium
304 2847 475 2928 catalog0):

78 2957 138 3020 771
163 2955 232 3018 άλλ’
256 2954 274 3017 ὁ
294 2957 356 3035 μὲν
376 2955 412 3016 ἐν
433 2953 549 3040 νήεσσι
569 2959 719 3035 κορωνίσι
740 2954 992 3037 ποντοπόροισιν

77 3064 141 3127 772
162 3063 240 3124 κεῖτ’
264 3060 456 3142 α’πομηνί
462 3077 535 3134 σας
556 3061 759 3145 Ἀγαμέμνονι
781 3071 912 3143 ποιμένι
932 3062 1019 3126 λαῶν

162 3168 311 3251 Ἀτρείδη·
343 3167 414 3230 λαοὶ
437 3167 588 3248 δὲπαρά
612 3167 739 3250 ῥηγμῖνι
759 3167 934 3252 θαλάσσης

80 3275 142 3338 774
164 3274 324 3336 δίσκοισιν
344 3281 502 3356 τέρποντο
523 3271 781 3357 καὶαίγανεήσιν
801 3274 898 3364 ἱέντες

163 3379 307 3455 τόξοισίν
329 3384 374 3445 θ’.
407 3378 505 3443 ἵπποι
524 3380 561 3442 δὲ
583 3380 654 3461 πάρ
675 3379 819 3463 ἅρμασιν
840 3372 926 3445 οἷσιν
947 3382 1091 3455 ἕκαστος.

152 3582 177 3647 1)
196 3580 252 3635 cfr.
270 3581 300 3634 Β.
320 3579 442 3634 Niesium
461 3580 516 3635 1.1.
536 3599 561 3649 p.
581 3583 622 3635 35.

151 3683 178 3750 2)
198 3682 232 3736 In
256 3684 376 3736 transitu
400 3682 428 3736 id
453 3682 578 3752 tetigisse
603 3683 679 3746 vole,
707 3699 764 3736 esse
790 3682 838 3750 qui
859 3682 975 3738 scribere
998 3682 1098 3738 malint
1116 3683 1174 3744 ἐμεῦ
1190 3685 1241 3736 ἀπὸ

79 3775 248 3837 μηνίσαντος,
264 3768 329 3822 item
348 3770 406 3819 κεῖτ’
425 3770 476 3820 άπὸ
494 3776 602 3837 μηκίοας
619 3785 668 3839 pro
686 3770 744 3819 κεῖτ’
762 3768 921 3837 ἀπομηνίσας
927 3790 933 3833 ;
959 3768 1055 3823 dubito
1073 3787 1109 3823 an
1127 3775 1207 3825 recte.

151 3873 177 3940 3)
198 3872 234 3925 Et
252 3871 304 3925 hoc
315 3870 424 3939 quidem
445 3870 504 3925 loco
514 3874 548 3940 (v.
560 3873 604 3942 62)
618 3872 781 3926 Chamaeleo
799 3872 870 3941 legit
889 3876 1083 3941 ἐπιμηιίοαντος
1101 3873 1199 3942 (Schol.
1210 3878 1239 3930 B.

82 3956 136 4012 cfr.
156 3959 191 4011 A.
210 3956 400 4011 Ludwichium
421 3955 579 4011 Aristarchs
597 3957 699 4012 homer.
720 3957 878 4011 Textkritik
896 3958 967 4012 nach
986 3959 1038 4012 den
1057 3958 1242 4028 Fragmenten

82 4045 130 4098 (les
149 4043 281 4113 Didymos
299 4041 474 4110 dargestellt.
509 4041 622 4113 Leipzig
642 4043 717 4105 1884,
735 4043 777 4095 85.
796 4043 817 4105 Ι,
836 4062 863 4112 p.
878 4044 948 4113 442);
968 4048 998 4096 at
1016 4047 1156 4113 ἐπιμηνίου
1175 4063 1240 4113 quo·

82 4147 136 4198 que
154 4147 210 4186 non
229 4133 283 4186 nini
300 4128 328 4180 in
346 4127 462 4196 suspecti
485 4128 539 4182 loci
558 4146 636 4184 versu
656 4131 687 4178 Ν
701 4129 753 4182 460
772 4127 920 4183 invenitur.
1268 4136 1271 4141 “

1070 4237 1103 4289 4st
