2992 4846
715 249 755 318 66

162 429 340 511 priusquam
364 431 413 495 rlei
443 432 638 510 statuerunt,
668 440 703 496 ut
724 434 831 498 Ulixes
860 435 899 497 eb
923 436 1042 516 Ogygia
1065 435 1267 522 discederet,
1299 441 1335 505 de

162 538 214 601 illa
244 540 290 601 ina
313 540 471 618 comperit.
513 538 718 603 Nihilominus
751 541 861 605 mirum
884 544 913 605 in
935 544 1059 607 modum
1082 543 1121 608 ad
1143 545 1273 611 Ulixem
1304 551 1333 613 in

162 645 267 708 Ithace
296 663 329 707 se
359 653 522 725 prepterea
546 665 613 709 eum
644 666 704 710 non
734 648 887 712 adiuvisse
909 650 1000 732 nien,
1029 651 1112 731 quurl
1135 658 1255 733 patruo
1281 655 1332 720 ob·

161 759 246 815 stare
268 752 367 815 verita
391 761 482 816 esset

243 859 342 922 Porro
370 859 479 923 similis
502 859 639 923 coiisusiu
662 861 738 924 haee
760 869 819 925 est.

243 965 348 1043 Ulixes
371 985 465 1046 prope
481 967 589 1030 urbem
607 966 781 1031 leuneum
806 970 835 1031 in
858 968 924 1032 lucu
942 969 1099 1033 Mineruae
1122 971 1236 1036 seriens
1262 972 1332 1038 huic

67 1128 70 1135 .
161 1073 237 1136 deae
257 1073 366 1150 obicit,
389 1074 470 1153 quorl
494 1083 587 1137 antea
610 1094 777 1159 numquam
800 1075 944 1155 precibus
967 1076 1117 1142 obsecuta
1139 1080 1201 1144 sit:

161 1184 179 1257 ζ
202 1181 262 1244 333
284 1179 389 1242 αὐτίκ’
410 1181 511 1242 ἐίτειέ
531 1180 634 1264 η’ριῐτο
655 1181 731 1255 Διός
751 1181 849 1265 κούρῃ
870 1182 1029 1263 μεγάλοιο·

202 1289 262 1352 334
283 1288 386 1359 κλῦθί
404 1311 475 1368 μεν,
498 1286 650 1368 αἰγιόχοιο
674 1291 748 1362 Διὸς
768 1297 866 1368 τέκος,
888 1289 1067 1374 οίτρντιόιη.

202 1397 261 1460 335
285 1399 359 1458 νῦν
380 1393 429 1482 δή
456 1404 535 1478 πέρ
559 1418 635 1476 μειι
656 1392 858 1476 ἄκουσον,
887 1398 981 1460 ἐπεὶ
1010 1397 1141 1480 πόρος
1171 1395 1333 1464 οὔποτ’

1066 1501 1257 1582 ἄκουσας

202 1612 262 1675 336
285 1619 529 1692 ραιομένοο,
553 1607 621 1671 ’ὅτε
643 1611 680 1691 μ’
702 1613 845 1693 ἔρραιε
866 1611 1011 1685 κλυτός
1033 1613 1319 1696 ἐννοσίγαιος.

203 1718 262 1782 337
286 1717 344 1791 δός
364 1717 397 1799 μ’
418 1718 450 1791 ἐς
473 1722 628 1800 Φαίηκας,
648 1719 742 1800 φίλον
764 1719 877 1783 ἐλθεῖν
899 1719 951 1803 ηδ’
973 1719 1127 1784 ἐλεεινόν·

161 1826 259 1889 Poeta
281 1829 387 1888 autern
411 1823 454 1888 ibi
476 1824 587 1901 statim
607 1843 673 1888 eam
698 1836 826 1891 excuset
850 1825 899 1892 his
923 1822 1045 1892 verbis:
1216 1907 1219 1911 ¹

162 1938 180 2011 ζ
205 1930 326 2006 3281&
350 1932 443 2015 ἔφατ’
463 1930 649 2013 εὐχόμενος,
670 1936 729 1995 τοῦ
753 1935 783 1997 ‹5‘
805 1935 896 1998 ἐκλοε
917 1935 1052 2009 Πολλοίς
1070 1934 1203 2022 Ἀθήνη.
1286 2001 1292 2017 ,

204 2043 263 2107 339
286 2040 397 2123 αὐτῷ
418 2034 579 2104 δὀὔτιιο
599 2041 763 2124 φαίνετ’
785 2042 964 2125 ἐναντίη.
997 2041 1144 2106 αἴδετο
1165 2044 1246 2125 γιίρ
1269 2046 1319 2126 ῥα

203 2152 264 2214 330
284 2153 690 2232 πατροκασίγνητον·
734 2148 751 2210 ὁ
779 2148 1085 2232 δ’ἐπιζαφελῶς
1111 2159 1341 2231 μενέαινεν

202 2259 259 2322 331
285 2257 471 2337 α’ντιθέῳ
493 2255 656 2338 Ὀδυσῆι
678 2254 810 2337 πάρος
832 2254 879 2317 ἐν
899 2259 1023 2337 γαῖαν
1045 2255 1229 2322 ἱκέσθαι.

162 2365 270 2428 eadem
296 2365 499 2443 rationeque
524 2364 592 2444 ipsa
613 2363 671 2425 rlea
692 2363 721 2427 in
745 2362 838 2426 lhaca
867 2381 901 2426 se
921 2362 1004 2427 Ulixi
1025 2382 1159 2445 purgare
1182 2372 1336 2431 conatur:

164 2495 181 2534 ν
203 2472 260 2536 341
289 2471 392 2535 οίλλιέ
414 2494 475 2533 τοι
497 2470 566 2533 οιίκ
588 2470 773 2553 ε’θέλησα
795 2464 1062 2533 Ποσειδάωνι
1082 2473 1309 2552 μάχεσθαι

286 2578 682 2661 ματροκασιγνήτῳ,
706 2574 748 2651 ὅς
768 2575 967 2641 τοικότον
990 2580 1140 2641 ἔνθετο
1161 2583 1298 2661 θυμῷ,

286 2686 493 2768 χωόμενος
515 2682 577 2748 ὅτι
599 2683 637 2746 οἱ
658 2683 750 2746 οἱον
771 2684 893 2766 φίλον
917 2684 1180 2760 ἐξαλάωσας.

165 2799 267 2875 Atque
299 2794 360 2856 iam
395 2793 534 2873 eqnirlem
567 2810 626 2855 n0n
659 2791 783 2870 (lubitu,
817 2793 902 2872 quin
923 2813 951 2856 v.
979 2796 996 2870 ζ
1022 2794 1162 2857 sse-31
1196 2792 1238 2856 ab
1277 2793 1338 2858 alio

164 2909 275 2984 poete,
304 2902 343 2964 ab
372 2902 430 2964 elio
462 2899 683 2981 praecedentes
705 2917 817 2962 versus
845 2899 919 2962 faeti
952 2901 1023 2964 sint.
1065 2899 1145 2964 Nem
1177 2900 1232 2980 qui
1263 2900 1339 2966 feeit

166 3011 361 3088 esee-31,
388 3026 462 3071 sene
491 3006 521 3070 irl
545 3007 621 3086 egit,
652 3010 686 3069 ut
715 3006 864 3086 imprimis
895 3006 1018 3070 audires
1048 3007 1125 3071 haec
1152 3005 1283 3089 ,αὐτῷ
1310 3009 1339 3070 δ’

166 3113 280 3181 οὔπω
307 3114 471 3200 φαίνετ’
500 3114 680 3195 ἐναντίη
704 3113 745 3194 (ν.
768 3113 856 3194 329),
879 3111 992 3193 quibus
1015 3113 1136 3179 efficere
1157 3114 1275 3194 voluit,
1298 3135 1338 3179 ne

167 3227 362 3289 existimares
391 3222 476 3286 illum
497 3229 631 3302 poetam,
664 3221 718 3304 qui
740 3219 864 3284 ferisset
885 3223 902 3297 ζ
923 3220 1045 3285 ess-6
1068 3221 1180 3302 (ἐπεὶ
1203 3221 1262 3285 πά
1271 3246 1339 3304 ρος

167 3329 316 3397 οὔποτ’
345 3329 528 3402 ἄκουσας
561 3330 805 3410 ῥαιομένου,
839 3325 907 3390 ὅτε·
940 3328 979 3406 μ>
1012 3331 1150 3409 ἔρραιε
1186 3328 1338 3404 κλυτός

168 3435 463 3519 ἐννοσίγαιος)
485 3436 646 3500 mentitum
673 3453 749 3499 esse.
793 3435 902 3518 Neque
927 3436 1006 3499 enim
1030 3436 1155 3499 dubium
1177 3440 1236 3514 est,
1261 3436 1337 3518 quin

167 3549 308 3612 Minerva
330 3545 450 3609 Ulixem
475 3562 584 3607 revera
606 3543 666 3606 iam
690 3549 784 3606 antea
806 3543 846 3606 ab
868 3542 989 3625 Ogygia
1013 3542 1050 3605 erl
1074 3543 1231 3606 Scheriaux
1258 3544 1338 3607 trei-

168 3657 298 3719 eientem
321 3653 475 3716 adiuuerit
497 3651 563 3732 (eir.
588 3673 604 3711 ε
626 3650 696 3714 382.
713 3651 877 3729 telles).
917 3651 1032 3714 Auctor
1054 3656 1157 3712 autem
1181 3667 1337 3716 versuum

169 3764 277 3827 3⁶25ss.
308 3760 388 3823 hane
418 3759 493 3822 deae
522 3777 608 3838 opem
639 3764 695 3822 aut
725 3759 852 3837 ignoret
874 3764 929 3820 aut
957 3757 1066 3820 leviter
1097 3758 1268 3838 mentitur,
1301 3765 1339 3822 ut

169 3869 244 3933 rlieit
261 3868 419 3948 [leyserus
434 3866 466 3944 ¹).
505 3866 574 3943 Qua
596 3884 632 3928 ex
655 3882 750 3929 causa
770 3863 911 3928 Minerva
933 3862 1016 3927 Ulixi
1039 3882 1097 3927 non
1122 3866 1339 3944 comparuisse

240 4018 264 4084 1)
285 3988 459 4068 Homerisehe
479 4015 700 4086 Abhundlungen
721 4017 883 4083 hernusgeg.
906 4033 928 4066 v.
947 4014 980 4067 H.
997 4015 1107 4076 Usener,
1128 4013 1240 4084 Leipzig
1258 4018 1339 4085 1881,

169 4122 215 4173 pg.
235 4104 275 4157 35.
